<?xml version="1.0" encoding="UTF-8"?>
<!DOCTYPE html PUBLIC "-//W3C//DTD XHTML 1.0 Transitional//EN"
    "http://www.w3.org/TR/xhtml1/DTD/xhtml1-transitional.dtd">
<html xmlns="http://www.w3.org/1999/xhtml" xml:lang="en" lang="en">
 <head>
  <title>
</title>
<meta http-equiv="Content-Type" content="text/html;charset=utf-8" />
  <meta name='ocr-system' content='tesseract 3.04.00' />
  <meta name='ocr-capabilities' content='ocr_page ocr_carea ocr_par ocr_line ocrx_word'/>
</head>
<body>
  <div class='ocr_page' id='page_1' title='image "./MN41513ucmf_1_0040.png"; bbox 0 0 1883 2803; ppageno 0'>
   <div class='ocr_carea' id='block_1_1' title="bbox 412 62 544 100">
    <p class='ocr_par' dir='ltr' id='par_1_1' title="bbox 412 62 544 100">
     <span class='ocr_line' id='line_1_1' title="bbox 412 62 544 100; baseline 0.023 -14"><span class='ocrx_word' id='word_1_1' title='bbox 412 62 544 100; x_wconf 65' lang='lat'>.-22-</span> 
     </span>
    </p>
   </div>
   <div class='ocr_carea' id='block_1_2' title="bbox 124 168 879 1709">
    <p class='ocr_par' dir='ltr' id='par_1_2' title="bbox 124 168 879 753">
     <span class='ocr_line' id='line_1_2' title="bbox 124 168 833 216; baseline 0.003 -12"><span class='ocrx_word' id='word_1_2' title='bbox 124 169 145 204; x_wconf 90' lang='lat' dir='ltr'>ad</span> <span class='ocrx_word' id='word_1_3' title='bbox 160 169 252 216; x_wconf 79' lang='lat' dir='ltr'>Vulgatam</span> <span class='ocrx_word' id='word_1_4' title='bbox 267 168 399 205; x_wconf 85' lang='lat' dir='ltr'>accommodata</span> <span class='ocrx_word' id='word_1_5' title='bbox 414 169 494 206; x_wconf 85' lang='lat' dir='ltr'>videatur</span> <span class='ocrx_word' id='word_1_6' title='bbox 516 181 560 206; x_wconf 89' lang='lat' dir='ltr'>esse.</span> <span class='ocrx_word' id='word_1_7' title='bbox 587 169 681 211; x_wconf 78' lang='lat' dir='ltr'>Quomodo</span> <span class='ocrx_word' id='word_1_8' title='bbox 696 169 777 206; x_wconf 89' lang='lat' dir='ltr'>codicum</span> <span class='ocrx_word' id='word_1_9' title='bbox 791 181 833 206; x_wconf 89' lang='lat' dir='ltr'>aue-</span> 
     </span>
     <span class='ocr_line' id='line_1_3' title="bbox 124 227 833 277; baseline 0.003 -13"><span class='ocrx_word' id='word_1_10' title='bbox 124 233 173 265; x_wconf 90' lang='lat' dir='ltr'>tores</span> <span class='ocrx_word' id='word_1_11' title='bbox 187 232 255 265; x_wconf 80' lang='lat' dir='ltr'>textunr</span> <span class='ocrx_word' id='word_1_12' title='bbox 273 227 294 265; x_wconf 81' lang='lat' dir='ltr'>acl</span> <span class='ocrx_word' id='word_1_13' title='bbox 312 227 404 275; x_wconf 69' lang='lat' dir='ltr'>linlgatanr</span> <span class='ocrx_word' id='word_1_14' title='bbox 419 229 506 277; x_wconf 81' lang='lat' dir='ltr'>applicare</span> <span class='ocrx_word' id='word_1_15' title='bbox 525 228 583 266; x_wconf 88' lang='lat' dir='ltr'>eonati</span> <span class='ocrx_word' id='word_1_16' title='bbox 597 228 642 272; x_wconf 86' lang='lat' dir='ltr'>sint,</span> <span class='ocrx_word' id='word_1_17' title='bbox 661 229 726 265; x_wconf 89' lang='lat' dir='ltr'>codicis</span> <span class='ocrx_word' id='word_1_18' title='bbox 739 229 833 266; x_wconf 81' lang='lat' dir='ltr'>Fnldcnsis</span> 
     </span>
     <span class='ocr_line' id='line_1_4' title="bbox 124 288 832 336; baseline 0.001 -12"><span class='ocrx_word' id='word_1_19' title='bbox 124 293 142 323; x_wconf 89' lang='lat' dir='ltr'>et</span> <span class='ocrx_word' id='word_1_20' title='bbox 159 288 265 335; x_wconf 81' lang='lat' dir='ltr'>Reginensis</span> <span class='ocrx_word' id='word_1_21' title='bbox 286 289 371 336; x_wconf 86' lang='lat' dir='ltr'>exemplis</span> <span class='ocrx_word' id='word_1_22' title='bbox 392 289 496 325; x_wconf 87' lang='lat' dir='ltr'>illustratur.</span> <span class='ocrx_word' id='word_1_23' title='bbox 525 290 550 325; x_wconf 75' lang='lat' dir='ltr'>pr</span> <span class='ocrx_word' id='word_1_24' title='bbox 566 288 641 325; x_wconf 81' lang='lat' dir='ltr'>ritauime</span> <span class='ocrx_word' id='word_1_25' title='bbox 658 300 667 325; x_wconf 87' lang='lat' dir='ltr'>a</span> <span class='ocrx_word' id='word_1_26' title='bbox 682 289 754 335; x_wconf 78' lang='lat' dir='ltr'>Vulgata</span> <span class='ocrx_word' id='word_1_27' title='bbox 774 289 832 326; x_wconf 86' lang='lat' dir='ltr'>distat.</span> 
     </span>
     <span class='ocr_line' id='line_1_5' title="bbox 124 347 833 397; baseline 0.003 -15"><span class='ocrx_word' id='word_1_28' title='bbox 124 347 149 382; x_wconf 73' lang='lat' dir='ltr'>pa</span> <span class='ocrx_word' id='word_1_29' title='bbox 164 348 230 395; x_wconf 89' lang='lat' dir='ltr'>quippe</span> <span class='ocrx_word' id='word_1_30' title='bbox 239 347 270 395; x_wconf 91' lang='lat' dir='ltr'>qui</span> <span class='ocrx_word' id='word_1_31' title='bbox 280 358 317 383; x_wconf 91' lang='lat' dir='ltr'>non</span> <span class='ocrx_word' id='word_1_32' title='bbox 332 360 352 384; x_wconf 84' lang='lat' dir='ltr'>er</span> <span class='ocrx_word' id='word_1_33' title='bbox 367 360 412 397; x_wconf 88' lang='lat' dir='ltr'>puro</span> <span class='ocrx_word' id='word_1_34' title='bbox 426 348 498 396; x_wconf 88' lang='lat' dir='ltr'>quidem</span> <span class='ocrx_word' id='word_1_35' title='bbox 512 349 568 391; x_wconf 71' lang='lat' dir='ltr'>fonte,</span> <span class='ocrx_word' id='word_1_36' title='bbox 583 347 614 383; x_wconf 90' lang='lat' dir='ltr'>sed</span> <span class='ocrx_word' id='word_1_37' title='bbox 629 347 668 395; x_wconf 88' lang='lat' dir='ltr'>plus</span> <span class='ocrx_word' id='word_1_38' title='bbox 678 348 762 396; x_wconf 77' lang='lat' dir='ltr'>Vulgatae</span> <span class='ocrx_word' id='word_1_39' title='bbox 772 359 833 385; x_wconf 89' lang='lat' dir='ltr'>secum</span> 
     </span>
     <span class='ocr_line' id='line_1_6' title="bbox 125 407 833 456; baseline 0.003 -13"><span class='ocrx_word' id='word_1_40' title='bbox 125 407 200 443; x_wconf 90' lang='lat' dir='ltr'>ducente</span> <span class='ocrx_word' id='word_1_41' title='bbox 220 408 297 452; x_wconf 84' lang='lat' dir='ltr'>tinxerit,</span> <span class='ocrx_word' id='word_1_42' title='bbox 319 410 397 446; x_wconf 89' lang='lat' dir='ltr'>codicem</span> <span class='ocrx_word' id='word_1_43' title='bbox 416 409 500 456; x_wconf 79' lang='lat' dir='ltr'>Vulgatae</span> <span class='ocrx_word' id='word_1_44' title='bbox 517 408 620 445; x_wconf 77' lang='lat' dir='ltr'>similiorem</span> <span class='ocrx_word' id='word_1_45' title='bbox 637 408 720 445; x_wconf 80' lang='lat' dir='ltr'>reddidit.</span> <span class='ocrx_word' id='word_1_46' title='bbox 747 408 763 445; x_wconf 89' lang='lat' dir='ltr'>R</span> <span class='ocrx_word' id='word_1_47' title='bbox 780 419 833 456; x_wconf 89' lang='lat' dir='ltr'>quern</span> 
     </span>
     <span class='ocr_line' id='line_1_7' title="bbox 125 467 835 517; baseline 0.001 -14"><span class='ocrx_word' id='word_1_48' title='bbox 125 467 147 503; x_wconf 87' lang='lat' dir='ltr'>ab</span> <span class='ocrx_word' id='word_1_49' title='bbox 161 468 223 504; x_wconf 88' lang='lat' dir='ltr'>eadem</span> <span class='ocrx_word' id='word_1_50' title='bbox 238 468 306 516; x_wconf 79' lang='lat' dir='ltr'>origine</span> <span class='ocrx_word' id='word_1_51' title='bbox 319 475 372 517; x_wconf 88' lang='lat' dir='ltr'>atque</span> <span class='ocrx_word' id='word_1_52' title='bbox 383 468 408 505; x_wconf 75' lang='lat' dir='ltr'>F²</span> <span class='ocrx_word' id='word_1_53' title='bbox 423 473 483 505; x_wconf 88' lang='lat' dir='ltr'>ortum</span> <span class='ocrx_word' id='word_1_54' title='bbox 498 480 537 505; x_wconf 90' lang='lat' dir='ltr'>esse</span> <span class='ocrx_word' id='word_1_55' title='bbox 551 467 670 505; x_wconf 72' lang='lat' dir='ltr'>intelleximus</span> <span class='ocrx_word' id='word_1_56' title='bbox 686 467 740 504; x_wconf 90' lang='lat' dir='ltr'>etiam</span> <span class='ocrx_word' id='word_1_57' title='bbox 760 468 835 516; x_wconf 74' lang='lat' dir='ltr'>ptropius</span> 
     </span>
     <span class='ocr_line' id='line_1_8' title="bbox 125 526 833 575; baseline 0.004 -13"><span class='ocrx_word' id='word_1_58' title='bbox 125 526 159 563; x_wconf 88' lang='lat' dir='ltr'>hoc</span> <span class='ocrx_word' id='word_1_59' title='bbox 181 527 202 563; x_wconf 89' lang='lat' dir='ltr'>ad</span> <span class='ocrx_word' id='word_1_60' title='bbox 225 528 317 575; x_wconf 78' lang='lat' dir='ltr'>Vulgatom</span> <span class='ocrx_word' id='word_1_61' title='bbox 340 529 424 566; x_wconf 86' lang='lat' dir='ltr'>accedere</span> <span class='ocrx_word' id='word_1_62' title='bbox 446 528 614 565; x_wconf 84' lang='lat' dir='ltr'>demonstravimus.</span> <span class='ocrx_word' id='word_1_63' title='bbox 650 527 708 565; x_wconf 82' lang='lat' dir='ltr'>Etiam</span> <span class='ocrx_word' id='word_1_64' title='bbox 732 527 797 565; x_wconf 89' lang='lat' dir='ltr'>codicis</span> <span class='ocrx_word' id='word_1_65' title='bbox 820 527 833 565; x_wconf 98' lang='lat' dir='ltr'><strong>A</strong></span> 
     </span>
     <span class='ocr_line' id='line_1_9' title="bbox 126 587 879 635; baseline 0.004 -14"><span class='ocrx_word' id='word_1_66' title='bbox 126 592 216 625; x_wconf 85' lang='lat' dir='ltr'>corrector</span> <span class='ocrx_word' id='word_1_67' title='bbox 234 600 256 625; x_wconf 83' lang='lat' dir='ltr'>eu</span> <span class='ocrx_word' id='word_1_68' title='bbox 268 589 342 635; x_wconf 88' lang='lat' dir='ltr'>puriore</span> <span class='ocrx_word' id='word_1_69' title='bbox 355 589 406 625; x_wconf 82' lang='lat' dir='ltr'>fonte</span> <span class='ocrx_word' id='word_1_70' title='bbox 420 599 474 634; x_wconf 75' lang='lat' dir='ltr'>squam</span> <span class='ocrx_word' id='word_1_71' title='bbox 492 587 549 624; x_wconf 86' lang='lat' dir='ltr'>scriba</span> <span class='ocrx_word' id='word_1_72' title='bbox 563 588 632 623; x_wconf 83' lang='lat' dir='ltr'>videtur</span> <span class='ocrx_word' id='word_1_73' title='bbox 649 587 736 623; x_wconf 85' lang='lat' dir='ltr'>hausisse.</span> <span class='ocrx_word' id='word_1_74' title='bbox 764 588 798 624; x_wconf 83' lang='lat' dir='ltr'>Sed</span> <span class='ocrx_word' id='word_1_75' title='bbox 819 592 836 624; x_wconf 88' lang='lat' dir='ltr'>et</span> <span class='ocrx_word' id='word_1_76' title='bbox 877 593 879 596; x_wconf 83' lang='grc'>’</span> 
     </span>
     <span class='ocr_line' id='line_1_10' title="bbox 126 645 836 695; baseline 0.003 -14"><span class='ocrx_word' id='word_1_77' title='bbox 126 645 141 681; x_wconf 98' lang='lat' dir='ltr'><strong>A</strong></span> <span class='ocrx_word' id='word_1_78' title='bbox 158 651 177 682; x_wconf 92' lang='lat' dir='ltr'>et</span> <span class='ocrx_word' id='word_1_79' title='bbox 193 646 274 684; x_wconf 87' lang='lat' dir='ltr'>P-certe</span> <span class='ocrx_word' id='word_1_80' title='bbox 293 647 315 684; x_wconf 92' lang='lat' dir='ltr'>ab</span> <span class='ocrx_word' id='word_1_81' title='bbox 335 647 374 695; x_wconf 90' lang='lat' dir='ltr'>ipsa</span> <span class='ocrx_word' id='word_1_82' title='bbox 394 647 469 694; x_wconf 79' lang='lat' dir='ltr'>Vulgata</span> <span class='ocrx_word' id='word_1_83' title='bbox 489 646 575 693; x_wconf 82' lang='lat' dir='ltr'>originem</span> <span class='ocrx_word' id='word_1_84' title='bbox 597 648 670 689; x_wconf 76' lang='lat' dir='ltr'>(luerint,</span> <span class='ocrx_word' id='word_1_85' title='bbox 691 646 714 683; x_wconf 85' lang='lat' dir='ltr'>ita</span> <span class='ocrx_word' id='word_1_86' title='bbox 734 652 795 683; x_wconf 76' lang='lat' dir='ltr'>tannen</span> <span class='ocrx_word' id='word_1_87' title='bbox 816 651 836 684; x_wconf 89' lang='lat' dir='ltr'>ut</span> 
     </span>
     <span class='ocr_line' id='line_1_11' title="bbox 127 706 572 753; baseline -0.002 -11"><span class='ocrx_word' id='word_1_88' title='bbox 127 706 206 753; x_wconf 83' lang='lat' dir='ltr'>singulae</span> <span class='ocrx_word' id='word_1_89' title='bbox 218 706 241 742; x_wconf 92' lang='lat' dir='ltr'>iis</span> <span class='ocrx_word' id='word_1_90' title='bbox 255 707 327 743; x_wconf 81' lang='lat' dir='ltr'>aliunde</span> <span class='ocrx_word' id='word_1_91' title='bbox 340 707 424 743; x_wconf 80' lang='lat' dir='ltr'>lectiones</span> <span class='ocrx_word' id='word_1_92' title='bbox 438 707 517 742; x_wconf 87' lang='lat' dir='ltr'>insertae</span> <span class='ocrx_word' id='word_1_93' title='bbox 531 707 572 742; x_wconf 70' lang='lat' dir='ltr'>sint,</span> 
     </span>
    </p>

    <p class='ocr_par' dir='ltr' id='par_1_3' title="bbox 127 764 879 1468">
     <span class='ocr_line' id='line_1_12' title="bbox 181 764 835 812; baseline 0 -10"><span class='ocrx_word' id='word_1_94' title='bbox 181 765 261 803; x_wconf 79' lang='lat' dir='ltr'>Omnino</span> <span class='ocrx_word' id='word_1_95' title='bbox 274 766 303 803; x_wconf 90' lang='lat' dir='ltr'>illa</span> <span class='ocrx_word' id='word_1_96' title='bbox 317 766 403 803; x_wconf 89' lang='lat' dir='ltr'>librorum</span> <span class='ocrx_word' id='word_1_97' title='bbox 418 778 461 803; x_wconf 92' lang='lat' dir='ltr'>rnss.</span> <span class='ocrx_word' id='word_1_98' title='bbox 475 764 559 812; x_wconf 79' lang='lat' dir='ltr'>Vulgatae</span> <span class='ocrx_word' id='word_1_99' title='bbox 573 766 648 801; x_wconf 89' lang='lat' dir='ltr'>varietas</span> <span class='ocrx_word' id='word_1_100' title='bbox 662 786 687 791; x_wconf 82' lang='lat'>-</span> <span class='ocrx_word' id='word_1_101' title='bbox 700 768 721 801; x_wconf 91' lang='lat' dir='ltr'>ut</span> <span class='ocrx_word' id='word_1_102' title='bbox 737 765 835 802; x_wconf 84' lang='lat' dir='ltr'>scribarum</span> 
     </span>
     <span class='ocr_line' id='line_1_13' title="bbox 129 825 836 873; baseline 0.001 -12"><span class='ocrx_word' id='word_1_103' title='bbox 129 836 198 862; x_wconf 90' lang='lat' dir='ltr'>errores</span> <span class='ocrx_word' id='word_1_104' title='bbox 219 828 323 863; x_wconf 86' lang='lat' dir='ltr'>omittamus</span> <span class='ocrx_word' id='word_1_105' title='bbox 337 846 363 851; x_wconf 79' lang='lat'><em>—</em></span> <span class='ocrx_word' id='word_1_106' title='bbox 376 826 399 862; x_wconf 90' lang='lat' dir='ltr'>ita</span> <span class='ocrx_word' id='word_1_107' title='bbox 421 825 535 873; x_wconf 86' lang='lat' dir='ltr'>potissimum</span> <span class='ocrx_word' id='word_1_108' title='bbox 554 831 590 861; x_wconf 89' lang='lat' dir='ltr'>orta</span> <span class='ocrx_word' id='word_1_109' title='bbox 610 832 642 871; x_wconf 77' lang='lat' dir='ltr'>est,</span> <span class='ocrx_word' id='word_1_110' title='bbox 660 830 679 862; x_wconf 92' lang='lat' dir='ltr'>nt</span> <span class='ocrx_word' id='word_1_111' title='bbox 696 830 714 861; x_wconf 89' lang='lat' dir='ltr'>et</span> <span class='ocrx_word' id='word_1_112' title='bbox 727 826 836 873; x_wconf 78' lang='lat' dir='ltr'>antiquiores</span> 
     </span>
     <span class='ocr_line' id='line_1_14' title="bbox 127 884 836 931; baseline -0.001 -10"><span class='ocrx_word' id='word_1_113' title='bbox 127 885 173 928; x_wconf 85' lang='lat' dir='ltr'>libri,</span> <span class='ocrx_word' id='word_1_114' title='bbox 188 886 260 931; x_wconf 87' lang='lat' dir='ltr'>qnando</span> <span class='ocrx_word' id='word_1_115' title='bbox 274 896 316 921; x_wconf 89' lang='lat' dir='ltr'>oum</span> <span class='ocrx_word' id='word_1_116' title='bbox 330 886 402 931; x_wconf 77' lang='lat' dir='ltr'>Vulgata</span> <span class='ocrx_word' id='word_1_117' title='bbox 418 885 562 927; x_wconf 82' lang='lat' dir='ltr'>conferebantur,</span> <span class='ocrx_word' id='word_1_118' title='bbox 576 884 641 919; x_wconf 84' lang='lat' dir='ltr'>inultas</span> <span class='ocrx_word' id='word_1_119' title='bbox 655 885 735 931; x_wconf 83' lang='lat' dir='ltr'>proprias</span> <span class='ocrx_word' id='word_1_120' title='bbox 749 884 836 921; x_wconf 90' lang='lat' dir='ltr'>lectiones</span> 
     </span>
     <span class='ocr_line' id='line_1_15' title="bbox 130 943 879 992; baseline 0.003 -13"><span class='ocrx_word' id='word_1_121' title='bbox 130 949 257 980; x_wconf 76' lang='lat' dir='ltr'>conservarent</span> <span class='ocrx_word' id='word_1_122' title='bbox 271 949 288 980; x_wconf 90' lang='lat' dir='ltr'>et</span> <span class='ocrx_word' id='word_1_123' title='bbox 301 943 320 979; x_wconf 89' lang='lat' dir='ltr'>in</span> <span class='ocrx_word' id='word_1_124' title='bbox 333 943 389 981; x_wconf 87' lang='lat' dir='ltr'>libros</span> <span class='ocrx_word' id='word_1_125' title='bbox 404 944 488 992; x_wconf 84' lang='lat' dir='ltr'>Vulgatae</span> <span class='ocrx_word' id='word_1_126' title='bbox 506 943 620 992; x_wconf 87' lang='lat' dir='ltr'>antiquarum</span> <span class='ocrx_word' id='word_1_127' title='bbox 635 944 737 980; x_wconf 83' lang='lat' dir='ltr'>versionum</span> <span class='ocrx_word' id='word_1_128' title='bbox 752 944 837 982; x_wconf 88' lang='lat' dir='ltr'>lectiones</span> <span class='ocrx_word' id='word_1_129' title='bbox 877 985 879 987; x_wconf 59' lang='grc'><strong>,</strong></span> 
     </span>
     <span class='ocr_line' id='line_1_16' title="bbox 130 1002 839 1051; baseline 0 -11"><span class='ocrx_word' id='word_1_130' title='bbox 130 1015 150 1040; x_wconf 86' lang='lat' dir='ltr'>se</span> <span class='ocrx_word' id='word_1_131' title='bbox 162 1005 280 1041; x_wconf 89' lang='lat' dir='ltr'>insinuarent.</span> <span class='ocrx_word' id='word_1_132' title='bbox 307 1004 369 1051; x_wconf 90' lang='lat' dir='ltr'>ltaque</span> <span class='ocrx_word' id='word_1_133' title='bbox 390 1004 442 1040; x_wconf 90' lang='lat' dir='ltr'>multi</span> <span class='ocrx_word' id='word_1_134' title='bbox 462 1003 496 1039; x_wconf 89' lang='lat' dir='ltr'>loci</span> <span class='ocrx_word' id='word_1_135' title='bbox 516 1003 535 1040; x_wconf 91' lang='lat' dir='ltr'>in</span> <span class='ocrx_word' id='word_1_136' title='bbox 556 1003 630 1039; x_wconf 89' lang='lat' dir='ltr'>dubium</span> <span class='ocrx_word' id='word_1_137' title='bbox 649 1002 758 1040; x_wconf 82' lang='lat' dir='ltr'>vocabantur</span> <span class='ocrx_word' id='word_1_138' title='bbox 779 1008 797 1040; x_wconf 89' lang='lat' dir='ltr'>et</span> <span class='ocrx_word' id='word_1_139' title='bbox 817 1004 839 1040; x_wconf 89' lang='lat' dir='ltr'>de</span> 
     </span>
     <span class='ocr_line' id='line_1_17' title="bbox 130 1062 838 1111; baseline 0.003 -13"><span class='ocrx_word' id='word_1_140' title='bbox 130 1062 236 1110; x_wconf 88' lang='lat' dir='ltr'>quibusdam</span> <span class='ocrx_word' id='word_1_141' title='bbox 243 1063 351 1100; x_wconf 88' lang='lat' dir='ltr'>lectionibus</span> <span class='ocrx_word' id='word_1_142' title='bbox 362 1064 447 1099; x_wconf 90' lang='lat' dir='ltr'>acerrima</span> <span class='ocrx_word' id='word_1_143' title='bbox 458 1063 508 1111; x_wconf 84' lang='lat' dir='ltr'>quasi</span> <span class='ocrx_word' id='word_1_144' title='bbox 519 1062 597 1109; x_wconf 88' lang='lat' dir='ltr'>quadam</span> <span class='ocrx_word' id='word_1_145' title='bbox 607 1063 723 1099; x_wconf 85' lang='lat' dir='ltr'>contentione</span> <span class='ocrx_word' id='word_1_146' title='bbox 732 1063 838 1107; x_wconf 85' lang='lat' dir='ltr'>certabatur,</span> 
     </span>
     <span class='ocr_line' id='line_1_18' title="bbox 130 1122 839 1170; baseline 0.003 -12"><span class='ocrx_word' id='word_1_147' title='bbox 130 1133 170 1158; x_wconf 90' lang='lat' dir='ltr'>cum</span> <span class='ocrx_word' id='word_1_148' title='bbox 192 1134 238 1170; x_wconf 89' lang='lat' dir='ltr'>quae</span> <span class='ocrx_word' id='word_1_149' title='bbox 258 1134 279 1159; x_wconf 85' lang='lat' dir='ltr'>er</span> <span class='ocrx_word' id='word_1_150' title='bbox 300 1123 338 1159; x_wconf 92' lang='lat' dir='ltr'>aliis</span> <span class='ocrx_word' id='word_1_151' title='bbox 362 1123 452 1159; x_wconf 87' lang='lat' dir='ltr'>codicibus</span> <span class='ocrx_word' id='word_1_152' title='bbox 475 1122 556 1159; x_wconf 78' lang='lat' dir='ltr'>sublatae</span> <span class='ocrx_word' id='word_1_153' title='bbox 578 1127 629 1158; x_wconf 89' lang='lat' dir='ltr'>erant</span> <span class='ocrx_word' id='word_1_154' title='bbox 650 1123 737 1158; x_wconf 89' lang='lat' dir='ltr'>lectiones</span> <span class='ocrx_word' id='word_1_155' title='bbox 759 1123 778 1159; x_wconf 93' lang='lat' dir='ltr'>in</span> <span class='ocrx_word' id='word_1_156' title='bbox 801 1123 839 1160; x_wconf 88' lang='lat' dir='ltr'>aliis</span> 
     </span>
     <span class='ocr_line' id='line_1_19' title="bbox 130 1182 839 1229; baseline 0.006 -13"><span class='ocrx_word' id='word_1_157' title='bbox 130 1182 222 1218; x_wconf 88' lang='lat' dir='ltr'>restitutas</span> <span class='ocrx_word' id='word_1_158' title='bbox 237 1193 276 1219; x_wconf 89' lang='lat' dir='ltr'>esse</span> <span class='ocrx_word' id='word_1_159' title='bbox 290 1182 388 1219; x_wconf 85' lang='lat' dir='ltr'>videamus.</span> <span class='ocrx_word' id='word_1_160' title='bbox 416 1182 546 1229; x_wconf 79' lang='lat' dir='ltr'>Progredienle</span> <span class='ocrx_word' id='word_1_161' title='bbox 559 1187 641 1229; x_wconf 87' lang='lat' dir='ltr'>tempore</span> <span class='ocrx_word' id='word_1_162' title='bbox 656 1182 739 1228; x_wconf 82' lang='lat' dir='ltr'>Vulgatae</span> <span class='ocrx_word' id='word_1_163' title='bbox 752 1182 839 1220; x_wconf 86' lang='lat' dir='ltr'>memoria</span> 
     </span>
     <span class='ocr_line' id='line_1_20' title="bbox 131 1241 839 1290; baseline 0.003 -13"><span class='ocrx_word' id='word_1_164' title='bbox 131 1241 186 1289; x_wconf 80' lang='lat' dir='ltr'>magis</span> <span class='ocrx_word' id='word_1_165' title='bbox 207 1242 300 1290; x_wconf 76' lang='lat' dir='ltr'>magisque</span> <span class='ocrx_word' id='word_1_166' title='bbox 319 1242 435 1286; x_wconf 82' lang='lat' dir='ltr'>turbabatur,</span> <span class='ocrx_word' id='word_1_167' title='bbox 460 1242 484 1278; x_wconf 91' lang='lat' dir='ltr'>ita</span> <span class='ocrx_word' id='word_1_168' title='bbox 505 1246 526 1278; x_wconf 94' lang='lat' dir='ltr'>ut</span> <span class='ocrx_word' id='word_1_169' title='bbox 546 1253 592 1290; x_wconf 88' lang='lat' dir='ltr'>quae</span> <span class='ocrx_word' id='word_1_170' title='bbox 614 1242 704 1290; x_wconf 88' lang='lat' dir='ltr'>prioribus</span> <span class='ocrx_word' id='word_1_171' title='bbox 727 1242 839 1290; x_wconf 84' lang='lat' dir='ltr'>temporibus</span> 
     </span>
     <span class='ocr_line' id='line_1_21' title="bbox 131 1297 839 1349; baseline 0.003 -12"><span class='ocrx_word' id='word_1_172' title='bbox 131 1297 265 1338; x_wconf 86' lang='lat' dir='ltr'>rarioressunt</span> <span class='ocrx_word' id='word_1_173' title='bbox 278 1302 366 1339; x_wconf 87' lang='lat' dir='ltr'>lectiones</span> <span class='ocrx_word' id='word_1_174' title='bbox 379 1303 399 1338; x_wconf 91' lang='lat' dir='ltr'>in</span> <span class='ocrx_word' id='word_1_175' title='bbox 412 1302 541 1339; x_wconf 87' lang='lat' dir='ltr'>recentioribus</span> <span class='ocrx_word' id='word_1_176' title='bbox 554 1302 604 1337; x_wconf 90' lang='lat' dir='ltr'>libris</span> <span class='ocrx_word' id='word_1_177' title='bbox 619 1302 721 1349; x_wconf 82' lang='lat' dir='ltr'>frequentes</span> <span class='ocrx_word' id='word_1_178' title='bbox 735 1302 776 1338; x_wconf 89' lang='lat' dir='ltr'>sint.</span> <span class='ocrx_word' id='word_1_179' title='bbox 801 1302 839 1345; x_wconf 76' lang='lat' dir='ltr'>Qua</span> 
     </span>
     <span class='ocr_line' id='line_1_22' title="bbox 131 1360 840 1408; baseline 0.004 -13"><span class='ocrx_word' id='word_1_180' title='bbox 131 1372 151 1396; x_wconf 87' lang='lat' dir='ltr'>re</span> <span class='ocrx_word' id='word_1_181' title='bbox 165 1364 231 1398; x_wconf 84' lang='lat' dir='ltr'>factum</span> <span class='ocrx_word' id='word_1_182' title='bbox 246 1367 279 1403; x_wconf 83' lang='lat' dir='ltr'>est,</span> <span class='ocrx_word' id='word_1_183' title='bbox 297 1366 318 1397; x_wconf 89' lang='lat' dir='ltr'>ut</span> <span class='ocrx_word' id='word_1_184' title='bbox 331 1362 344 1397; x_wconf 86' lang='lat' dir='ltr'>F</span> <span class='ocrx_word' id='word_1_185' title='bbox 359 1372 399 1397; x_wconf 83' lang='lat' dir='ltr'>curn</span> <span class='ocrx_word' id='word_1_186' title='bbox 413 1362 441 1397; x_wconf 93' lang='lat' dir='ltr'>his</span> <span class='ocrx_word' id='word_1_187' title='bbox 455 1362 510 1407; x_wconf 80' lang='lat' dir='ltr'>iringis</span> <span class='ocrx_word' id='word_1_188' title='bbox 525 1372 577 1407; x_wconf 87' lang='lat' dir='ltr'>quarn</span> <span class='ocrx_word' id='word_1_189' title='bbox 592 1372 633 1396; x_wconf 91' lang='lat' dir='ltr'>curn</span> <span class='ocrx_word' id='word_1_190' title='bbox 647 1360 776 1408; x_wconf 89' lang='lat' dir='ltr'>antiquioribus</span> <span class='ocrx_word' id='word_1_191' title='bbox 790 1361 840 1398; x_wconf 88' lang='lat' dir='ltr'>libris</span> 
     </span>
     <span class='ocr_line' id='line_1_23' title="bbox 132 1426 222 1468; baseline 0 -13"><span class='ocrx_word' id='word_1_192' title='bbox 132 1426 222 1468; x_wconf 82' lang='lat' dir='ltr'>congruat.</span> 
     </span>
    </p>

    <p class='ocr_par' dir='ltr' id='par_1_4' title="bbox 131 1479 841 1709">
     <span class='ocr_line' id='line_1_24' title="bbox 184 1479 840 1529; baseline 0.002 -13"><span class='ocrx_word' id='word_1_193' title='bbox 184 1479 278 1524; x_wconf 80' lang='lat' dir='ltr'>Quomodo</span> <span class='ocrx_word' id='word_1_194' title='bbox 299 1480 320 1517; x_wconf 85' lang='lat' dir='ltr'>ad</span> <span class='ocrx_word' id='word_1_195' title='bbox 339 1480 437 1527; x_wconf 82' lang='lat' dir='ltr'>simplicem</span> <span class='ocrx_word' id='word_1_196' title='bbox 456 1486 474 1516; x_wconf 89' lang='lat' dir='ltr'>et</span> <span class='ocrx_word' id='word_1_197' title='bbox 487 1480 578 1526; x_wconf 87' lang='lat' dir='ltr'>antiquam</span> <span class='ocrx_word' id='word_1_198' title='bbox 595 1480 688 1515; x_wconf 88' lang='lat' dir='ltr'>lectionem</span> <span class='ocrx_word' id='word_1_199' title='bbox 710 1480 764 1517; x_wconf 91' lang='lat' dir='ltr'>rediri</span> <span class='ocrx_word' id='word_1_200' title='bbox 778 1482 840 1529; x_wconf 74' lang='lat' dir='ltr'>possit,</span> 
     </span>
     <span class='ocr_line' id='line_1_25' title="bbox 131 1539 841 1587; baseline 0.001 -12"><span class='ocrx_word' id='word_1_201' title='bbox 131 1539 238 1576; x_wconf 75' lang='lat' dir='ltr'>inclinavisse</span> <span class='ocrx_word' id='word_1_202' title='bbox 258 1539 301 1575; x_wconf 87' lang='lat' dir='ltr'>inihi</span> <span class='ocrx_word' id='word_1_203' title='bbox 322 1539 389 1575; x_wconf 90' lang='lat' dir='ltr'>videor.</span> <span class='ocrx_word' id='word_1_204' title='bbox 417 1540 440 1576; x_wconf 87' lang='lat' dir='ltr'>Ut</span> <span class='ocrx_word' id='word_1_205' title='bbox 456 1540 510 1576; x_wconf 89' lang='lat' dir='ltr'>huius</span> <span class='ocrx_word' id='word_1_206' title='bbox 524 1539 650 1587; x_wconf 90' lang='lat' dir='ltr'>disputationis</span> <span class='ocrx_word' id='word_1_207' title='bbox 665 1551 754 1575; x_wconf 88' lang='lat' dir='ltr'>summam</span> <span class='ocrx_word' id='word_1_208' title='bbox 768 1540 841 1577; x_wconf 83' lang='lat' dir='ltr'>faciam:</span> 
     </span>
     <span class='ocr_line' id='line_1_26' title="bbox 132 1598 841 1646; baseline 0.001 -12"><span class='ocrx_word' id='word_1_209' title='bbox 132 1605 175 1635; x_wconf 88' lang='lat' dir='ltr'>sunt</span> <span class='ocrx_word' id='word_1_210' title='bbox 184 1599 263 1646; x_wconf 89' lang='lat' dir='ltr'>quinque</span> <span class='ocrx_word' id='word_1_211' title='bbox 273 1598 392 1645; x_wconf 89' lang='lat' dir='ltr'>antiquissimi</span> <span class='ocrx_word' id='word_1_212' title='bbox 403 1599 485 1646; x_wconf 80' lang='lat' dir='ltr'>Vulgatae</span> <span class='ocrx_word' id='word_1_213' title='bbox 495 1603 556 1642; x_wconf 82' lang='lat' dir='ltr'>testes,</span> <span class='ocrx_word' id='word_1_214' title='bbox 567 1598 597 1646; x_wconf 92' lang='lat' dir='ltr'>qui</span> <span class='ocrx_word' id='word_1_215' title='bbox 606 1598 706 1635; x_wconf 88' lang='lat' dir='ltr'>secundum</span> <span class='ocrx_word' id='word_1_216' title='bbox 716 1599 841 1637; x_wconf 86' lang='lat' dir='ltr'>auctoritatem</span> 
     </span>
     <span class='ocr_line' id='line_1_27' title="bbox 132 1657 840 1709; baseline 0 -14"><span class='ocrx_word' id='word_1_217' title='bbox 132 1669 183 1695; x_wconf 88' lang='lat' dir='ltr'>suam</span> <span class='ocrx_word' id='word_1_218' title='bbox 197 1658 223 1695; x_wconf 89' lang='lat' dir='ltr'>sic</span> <span class='ocrx_word' id='word_1_219' title='bbox 237 1658 344 1709; x_wconf 83' lang='lat' dir='ltr'>disponendi</span> <span class='ocrx_word' id='word_1_220' title='bbox 357 1662 409 1695; x_wconf 87' lang='lat' dir='ltr'>sunl:</span> <span class='ocrx_word' id='word_1_221' title='bbox 424 1657 449 1694; x_wconf 66' lang='lat' dir='ltr'>Afl</span> <span class='ocrx_word' id='word_1_222' title='bbox 461 1658 475 1694; x_wconf 89' lang='lat' dir='ltr'>P</span> <span class='ocrx_word' id='word_1_223' title='bbox 486 1657 538 1695; x_wconf 65' lang='lat' dir='ltr'>A1R</span> <span class='ocrx_word' id='word_1_224' title='bbox 557 1657 623 1694; x_wconf 58' lang='grc'><strong>11111.</strong></span> <span class='ocrx_word' id='word_1_225' title='bbox 651 1657 730 1701; x_wconf 82' lang='lat' dir='ltr'>Quorum</span> <span class='ocrx_word' id='word_1_226' title='bbox 745 1659 772 1699; x_wconf 62' lang='lat' dir='ltr'>A?</span> <span class='ocrx_word' id='word_1_227' title='bbox 786 1663 804 1696; x_wconf 92' lang='lat' dir='ltr'>et</span> <span class='ocrx_word' id='word_1_228' title='bbox 817 1658 840 1695; x_wconf 74' lang='lat' dir='ltr'>Fl</span> 
     </span>
    </p>
   </div>
   <div class='ocr_carea' id='block_1_3' title="bbox 934 47 942 551">
    <p class='ocr_par' dir='ltr' id='par_1_5' title="bbox 934 47 942 551">
     <span class='ocr_line' id='line_1_28' title="bbox 934 47 942 551; baseline 0 0"><span class='ocrx_word' id='word_1_229' title='bbox 934 47 942 551; x_wconf 95' lang='lat' dir='ltr'> </span> 
     </span>
    </p>
   </div>
   <div class='ocr_carea' id='block_1_4' title="bbox 132 1709 900 1766">
    <p class='ocr_par' dir='ltr' id='par_1_6' title="bbox 132 1709 900 1766">
     <span class='ocr_line' id='line_1_29' title="bbox 132 1709 900 1766; baseline 0.001 -12"><span class='ocrx_word' id='word_1_230' title='bbox 132 1718 168 1755; x_wconf 89' lang='lat' dir='ltr'>nisi</span> <span class='ocrx_word' id='word_1_231' title='bbox 187 1718 248 1766; x_wconf 82' lang='lat' dir='ltr'>paucis</span> <span class='ocrx_word' id='word_1_232' title='bbox 269 1718 313 1754; x_wconf 88' lang='lat' dir='ltr'>locis</span> <span class='ocrx_word' id='word_1_233' title='bbox 334 1709 371 1754; x_wconf 87' lang='lat' dir='ltr'>non</span> <span class='ocrx_word' id='word_1_234' title='bbox 392 1722 464 1765; x_wconf 79' lang='lat' dir='ltr'>praesto</span> <span class='ocrx_word' id='word_1_235' title='bbox 484 1723 561 1755; x_wconf 88' lang='lat' dir='ltr'>suntet</span> <span class='ocrx_word' id='word_1_236' title='bbox 579 1718 604 1753; x_wconf 73' lang='lat' dir='ltr'>pe</span> <span class='ocrx_word' id='word_1_237' title='bbox 618 1722 635 1754; x_wconf 91' lang='lat' dir='ltr'>et</span> <span class='ocrx_word' id='word_1_238' title='bbox 647 1718 662 1754; x_wconf 89' lang='lat' dir='ltr'>R</span> <span class='ocrx_word' id='word_1_239' title='bbox 676 1730 695 1755; x_wconf 92' lang='lat' dir='ltr'>ea</span> <span class='ocrx_word' id='word_1_240' title='bbox 709 1719 842 1755; x_wconf 86' lang='lat' dir='ltr'>necessitudine</span> <span class='ocrx_word' id='word_1_241' title='bbox 899 1731 900 1734; x_wconf 49' lang='lat'>¹</span> 
     </span>
    </p>
   </div>
   <div class='ocr_carea' id='block_1_5' title="bbox 133 1777 843 2003">
    <p class='ocr_par' dir='ltr' id='par_1_7' title="bbox 133 1777 843 2003">
     <span class='ocr_line' id='line_1_30' title="bbox 133 1777 843 1824; baseline 0 -10"><span class='ocrx_word' id='word_1_242' title='bbox 133 1779 224 1815; x_wconf 89' lang='lat' dir='ltr'>coniuncti</span> <span class='ocrx_word' id='word_1_243' title='bbox 239 1783 287 1820; x_wconf 88' lang='lat' dir='ltr'>sunt,</span> <span class='ocrx_word' id='word_1_244' title='bbox 301 1782 322 1814; x_wconf 91' lang='lat' dir='ltr'>ut</span> <span class='ocrx_word' id='word_1_245' title='bbox 335 1788 391 1824; x_wconf 69' lang='lat' dir='ltr'>quaene</span> <span class='ocrx_word' id='word_1_246' title='bbox 405 1778 459 1814; x_wconf 93' lang='lat' dir='ltr'>unius</span> <span class='ocrx_word' id='word_1_247' title='bbox 472 1777 511 1814; x_wconf 90' lang='lat' dir='ltr'>loco</span> <span class='ocrx_word' id='word_1_248' title='bbox 525 1777 604 1814; x_wconf 86' lang='lat' dir='ltr'>habendi</span> <span class='ocrx_word' id='word_1_249' title='bbox 618 1777 659 1813; x_wconf 90' lang='lat' dir='ltr'>sint.</span> <span class='ocrx_word' id='word_1_250' title='bbox 677 1777 714 1814; x_wconf 88' lang='lat' dir='ltr'>Iam</span> <span class='ocrx_word' id='word_1_251' title='bbox 727 1783 789 1815; x_wconf 89' lang='lat' dir='ltr'>textus</span> <span class='ocrx_word' id='word_1_252' title='bbox 799 1789 843 1815; x_wconf 91' lang='lat' dir='ltr'>con-</span> 
     </span>
     <span class='ocr_line' id='line_1_31' title="bbox 134 1837 842 1879; baseline -0.001 -5"><span class='ocrx_word' id='word_1_253' title='bbox 134 1837 220 1874; x_wconf 89' lang='lat' dir='ltr'>stituendi</span> <span class='ocrx_word' id='word_1_254' title='bbox 234 1838 277 1875; x_wconf 86' lang='lat' dir='ltr'>haec</span> <span class='ocrx_word' id='word_1_255' title='bbox 290 1838 336 1873; x_wconf 87' lang='lat' dir='ltr'>ratio</span> <span class='ocrx_word' id='word_1_256' title='bbox 350 1837 450 1874; x_wconf 86' lang='lat' dir='ltr'>adhihenda</span> <span class='ocrx_word' id='word_1_257' title='bbox 465 1848 504 1874; x_wconf 89' lang='lat' dir='ltr'>esse</span> <span class='ocrx_word' id='word_1_258' title='bbox 518 1837 562 1873; x_wconf 87' lang='lat' dir='ltr'>mihi</span> <span class='ocrx_word' id='word_1_259' title='bbox 576 1837 651 1879; x_wconf 78' lang='lat' dir='ltr'>videno,</span> <span class='ocrx_word' id='word_1_260' title='bbox 666 1842 686 1873; x_wconf 92' lang='lat' dir='ltr'>ut</span> <span class='ocrx_word' id='word_1_261' title='bbox 700 1849 741 1874; x_wconf 87' lang='lat' dir='ltr'>curn</span> <span class='ocrx_word' id='word_1_262' title='bbox 754 1837 778 1873; x_wconf 88' lang='lat' dir='ltr'>illi</span> <span class='ocrx_word' id='word_1_263' title='bbox 793 1839 842 1874; x_wconf 88' lang='lat' dir='ltr'>inter</span> 
     </span>
     <span class='ocr_line' id='line_1_32' title="bbox 134 1896 842 1943; baseline 0.001 -11"><span class='ocrx_word' id='word_1_264' title='bbox 134 1908 153 1933; x_wconf 88' lang='lat' dir='ltr'>se</span> <span class='ocrx_word' id='word_1_265' title='bbox 167 1896 279 1933; x_wconf 86' lang='lat' dir='ltr'>dissentiunt</span> <span class='ocrx_word' id='word_1_266' title='bbox 292 1897 378 1933; x_wconf 85' lang='lat' dir='ltr'>maiorem</span> <span class='ocrx_word' id='word_1_267' title='bbox 393 1907 456 1933; x_wconf 88' lang='lat' dir='ltr'>corum</span> <span class='ocrx_word' id='word_1_268' title='bbox 470 1907 566 1933; x_wconf 87' lang='lat' dir='ltr'>numerum</span> <span class='ocrx_word' id='word_1_269' title='bbox 582 1907 684 1943; x_wconf 77' lang='lat' dir='ltr'>sequamur⁷</span> <span class='ocrx_word' id='word_1_270' title='bbox 699 1908 740 1932; x_wconf 85' lang='lat' dir='ltr'>curn</span> <span class='ocrx_word' id='word_1_271' title='bbox 753 1896 791 1933; x_wconf 89' lang='lat' dir='ltr'>bini</span> <span class='ocrx_word' id='word_1_272' title='bbox 801 1909 842 1933; x_wconf 87' lang='lat' dir='ltr'>curn</span> 
     </span>
     <span class='ocr_line' id='line_1_33' title="bbox 135 1954 843 2003; baseline 0 -11"><span class='ocrx_word' id='word_1_273' title='bbox 135 1954 182 1992; x_wconf 92' lang='lat' dir='ltr'>binis</span> <span class='ocrx_word' id='word_1_274' title='bbox 196 1955 299 2003; x_wconf 87' lang='lat' dir='ltr'>discrepant</span> <span class='ocrx_word' id='word_1_275' title='bbox 313 1956 436 1993; x_wconf 84' lang='lat' dir='ltr'>auctoritatem</span> <span class='ocrx_word' id='word_1_276' title='bbox 451 1956 531 1992; x_wconf 89' lang='lat' dir='ltr'>codicum</span> <span class='ocrx_word' id='word_1_277' title='bbox 545 1956 560 1991; x_wconf 97' lang='lat' dir='ltr'><strong>A</strong></span> <span class='ocrx_word' id='word_1_278' title='bbox 574 1962 592 1993; x_wconf 90' lang='lat' dir='ltr'>et</span> <span class='ocrx_word' id='word_1_279' title='bbox 605 1955 618 1992; x_wconf 87' lang='lat' dir='ltr'><strong>P</strong></span> <span class='ocrx_word' id='word_1_280' title='bbox 631 1955 688 2003; x_wconf 85' lang='lat' dir='ltr'>pluris</span> <span class='ocrx_word' id='word_1_281' title='bbox 706 1967 758 2003; x_wconf 85' lang='lat' dir='ltr'>quarn</span> <span class='ocrx_word' id='word_1_282' title='bbox 774 1960 843 1993; x_wconf 91' lang='lat' dir='ltr'>cetero-</span> 
     </span>
    </p>
   </div>
   <div class='ocr_carea' id='block_1_6' title="bbox 134 2073 844 2172">
    <p class='ocr_par' dir='ltr' id='par_1_8' title="bbox 134 2073 844 2172">
     <span class='ocr_line' id='line_1_34' title="bbox 134 2073 844 2123; baseline 0.003 -13"><span class='ocrx_word' id='word_1_283' title='bbox 134 2074 200 2111; x_wconf 88' lang='lat' dir='ltr'>oedunt</span> <span class='ocrx_word' id='word_1_284' title='bbox 223 2079 254 2111; x_wconf 86' lang='lat' dir='ltr'>aut</span> <span class='ocrx_word' id='word_1_285' title='bbox 278 2073 353 2110; x_wconf 87' lang='lat' dir='ltr'>onrnino</span> <span class='ocrx_word' id='word_1_286' title='bbox 375 2085 398 2110; x_wconf 89' lang='lat' dir='ltr'>ne</span> <span class='ocrx_word' id='word_1_287' title='bbox 418 2074 453 2110; x_wconf 90' lang='lat' dir='ltr'>duo</span> <span class='ocrx_word' id='word_1_288' title='bbox 474 2074 545 2123; x_wconf 90' lang='lat' dir='ltr'>quidem</span> <span class='ocrx_word' id='word_1_289' title='bbox 567 2074 637 2111; x_wconf 88' lang='lat' dir='ltr'>codices</span> <span class='ocrx_word' id='word_1_290' title='bbox 660 2073 730 2122; x_wconf 88' lang='lat' dir='ltr'>antiqui</span> <span class='ocrx_word' id='word_1_291' title='bbox 752 2074 800 2112; x_wconf 87' lang='lat' dir='ltr'>inter</span> <span class='ocrx_word' id='word_1_292' title='bbox 824 2086 844 2112; x_wconf 91' lang='lat' dir='ltr'>se</span> 
     </span>
     <span class='ocr_line' id='line_1_35' title="bbox 135 2133 844 2172; baseline 0.001 -3"><span class='ocrx_word' id='word_1_293' title='bbox 135 2134 252 2170; x_wconf 88' lang='lat' dir='ltr'>consentiunt</span> <span class='ocrx_word' id='word_1_294' title='bbox 270 2134 351 2170; x_wconf 87' lang='lat' dir='ltr'>codicum</span> <span class='ocrx_word' id='word_1_295' title='bbox 368 2134 489 2170; x_wconf 86' lang='lat' dir='ltr'>recentiorum</span> <span class='ocrx_word' id='word_1_296' title='bbox 507 2134 577 2170; x_wconf 84' lang='lat' dir='ltr'>ratione</span> <span class='ocrx_word' id='word_1_297' title='bbox 594 2133 654 2170; x_wconf 88' lang='lat' dir='ltr'>habita</span> <span class='ocrx_word' id='word_1_298' title='bbox 672 2134 693 2170; x_wconf 88' lang='lat' dir='ltr'>de</span> <span class='ocrx_word' id='word_1_299' title='bbox 710 2133 787 2172; x_wconf 89' lang='lat' dir='ltr'>lectione</span> <span class='ocrx_word' id='word_1_300' title='bbox 808 2134 844 2171; x_wconf 91' lang='lat' dir='ltr'>dis-</span> 
     </span>
    </p>
   </div>
   <div class='ocr_carea' id='block_1_7' title="bbox 135 2198 845 2539">
    <p class='ocr_par' dir='ltr' id='par_1_9' title="bbox 135 2198 232 2239">
     <span class='ocr_line' id='line_1_36' title="bbox 135 2198 232 2239; baseline 0.021 -11"><span class='ocrx_word' id='word_1_301' title='bbox 135 2198 232 2239; x_wconf 80' lang='lat' dir='ltr'>captemus.</span> 
     </span>
    </p>

    <p class='ocr_par' dir='ltr' id='par_1_10' title="bbox 135 2253 845 2539">
     <span class='ocr_line' id='line_1_37' title="bbox 185 2253 844 2302; baseline 0.002 -13"><span class='ocrx_word' id='word_1_302' title='bbox 185 2253 233 2289; x_wconf 86' lang='lat' dir='ltr'>Haec</span> <span class='ocrx_word' id='word_1_303' title='bbox 253 2259 280 2290; x_wconf 85' lang='lat' dir='ltr'>est</span> <span class='ocrx_word' id='word_1_304' title='bbox 301 2263 371 2297; x_wconf 84' lang='lat' dir='ltr'>norrna,</span> <span class='ocrx_word' id='word_1_305' title='bbox 392 2253 413 2290; x_wconf 86' lang='lat' dir='ltr'>ad</span> <span class='ocrx_word' id='word_1_306' title='bbox 435 2264 487 2302; x_wconf 87' lang='lat' dir='ltr'>quam</span> <span class='ocrx_word' id='word_1_307' title='bbox 510 2258 528 2290; x_wconf 93' lang='lat' dir='ltr'>et</span> <span class='ocrx_word' id='word_1_308' title='bbox 547 2253 642 2290; x_wconf 89' lang='lat' dir='ltr'>lectionem</span> <span class='ocrx_word' id='word_1_309' title='bbox 662 2257 680 2290; x_wconf 91' lang='lat' dir='ltr'>et</span> <span class='ocrx_word' id='word_1_310' title='bbox 697 2253 844 2301; x_wconf 80' lang='lat' dir='ltr'>orthographiam</span> 
     </span>
     <span class='ocr_line' id='line_1_38' title="bbox 135 2312 845 2360; baseline 0.001 -12"><span class='ocrx_word' id='word_1_311' title='bbox 135 2314 219 2359; x_wconf 83' lang='lat' dir='ltr'>Vulgatae</span> <span class='ocrx_word' id='word_1_312' title='bbox 233 2314 292 2360; x_wconf 70' lang='lat' dir='ltr'>exegi,</span> <span class='ocrx_word' id='word_1_313' title='bbox 306 2324 414 2360; x_wconf 80' lang='lat' dir='ltr'>quamquain</span> <span class='ocrx_word' id='word_1_314' title='bbox 430 2313 472 2349; x_wconf 87' lang='lat' dir='ltr'>hace</span> <span class='ocrx_word' id='word_1_315' title='bbox 485 2312 559 2348; x_wconf 88' lang='lat' dir='ltr'>arbitrio</span> <span class='ocrx_word' id='word_1_316' title='bbox 569 2313 668 2349; x_wconf 87' lang='lat' dir='ltr'>scribarum</span> <span class='ocrx_word' id='word_1_317' title='bbox 678 2319 714 2350; x_wconf 88' lang='lat' dir='ltr'>tarn</span> <span class='ocrx_word' id='word_1_318' title='bbox 725 2313 800 2349; x_wconf 86' lang='lat' dir='ltr'>obnoxia</span> <span class='ocrx_word' id='word_1_319' title='bbox 810 2318 845 2357; x_wconf 83' lang='lat' dir='ltr'>est,</span> 
     </span>
     <span class='ocr_line' id='line_1_39' title="bbox 135 2364 845 2420; baseline 0.001 -11"><span class='ocrx_word' id='word_1_320' title='bbox 135 2377 155 2409; x_wconf 91' lang='lat' dir='ltr'>ut</span> <span class='ocrx_word' id='word_1_321' title='bbox 170 2372 248 2420; x_wconf 87' lang='lat' dir='ltr'>plurium</span> <span class='ocrx_word' id='word_1_322' title='bbox 263 2383 360 2420; x_wconf 82' lang='lat' dir='ltr'>uonsensus</span> <span class='ocrx_word' id='word_1_323' title='bbox 374 2373 394 2409; x_wconf 93' lang='lat' dir='ltr'>in</span> <span class='ocrx_word' id='word_1_324' title='bbox 410 2364 477 2410; x_wconf 83' lang='lat' dir='ltr'>haere</span> <span class='ocrx_word' id='word_1_325' title='bbox 497 2384 561 2420; x_wconf 82' lang='lat' dir='ltr'>parunt</span> <span class='ocrx_word' id='word_1_326' title='bbox 575 2374 638 2410; x_wconf 76' lang='lat' dir='ltr'>valeat.</span> <span class='ocrx_word' id='word_1_327' title='bbox 666 2374 729 2420; x_wconf 87' lang='lat' dir='ltr'>Neque</span> <span class='ocrx_word' id='word_1_328' title='bbox 749 2373 788 2410; x_wconf 84' lang='lat' dir='ltr'>fieri</span> <span class='ocrx_word' id='word_1_329' title='bbox 807 2385 845 2411; x_wconf 89' lang='lat' dir='ltr'>non</span> 
     </span>
     <span class='ocr_line' id='line_1_40' title="bbox 135 2433 845 2480; baseline 0.001 -12"><span class='ocrx_word' id='word_1_330' title='bbox 135 2439 200 2479; x_wconf 77' lang='lat' dir='ltr'>potest,</span> <span class='ocrx_word' id='word_1_331' title='bbox 215 2433 258 2477; x_wconf 86' lang='lat' dir='ltr'>quin</span> <span class='ocrx_word' id='word_1_332' title='bbox 273 2443 336 2478; x_wconf 77' lang='lat' dir='ltr'>magna</span> <span class='ocrx_word' id='word_1_333' title='bbox 351 2433 425 2468; x_wconf 87' lang='lat' dir='ltr'>varietas</span> <span class='ocrx_word' id='word_1_334' title='bbox 439 2433 576 2480; x_wconf 81' lang='lat' dir='ltr'>orthographiae</span> <span class='ocrx_word' id='word_1_335' title='bbox 589 2434 624 2469; x_wconf 89' lang='lat' dir='ltr'>boc</span> <span class='ocrx_word' id='word_1_336' title='bbox 633 2433 687 2469; x_wconf 82' lang='lat' dir='ltr'>niodo</span> <span class='ocrx_word' id='word_1_337' title='bbox 698 2433 790 2469; x_wconf 79' lang='lat' dir='ltr'>alliciatur.</span> <span class='ocrx_word' id='word_1_338' title='bbox 810 2433 845 2469; x_wconf 88' lang='lat' dir='ltr'>Sed</span> 
     </span>
     <span class='ocr_line' id='line_1_41' title="bbox 135 2491 845 2539; baseline 0.001 -11"><span class='ocrx_word' id='word_1_339' title='bbox 135 2498 156 2528; x_wconf 91' lang='lat' dir='ltr'>ut</span> <span class='ocrx_word' id='word_1_340' title='bbox 175 2492 193 2528; x_wconf 93' lang='lat' dir='ltr'>in</span> <span class='ocrx_word' id='word_1_341' title='bbox 213 2491 287 2539; x_wconf 81' lang='lat' dir='ltr'>singulis</span> <span class='ocrx_word' id='word_1_342' title='bbox 306 2491 396 2528; x_wconf 75' lang='lat' dir='ltr'>codicibus</span> <span class='ocrx_word' id='word_1_343' title='bbox 417 2491 542 2539; x_wconf 80' lang='lat' dir='ltr'>orthographia</span> <span class='ocrx_word' id='word_1_344' title='bbox 563 2492 596 2529; x_wconf 90' lang='lat' dir='ltr'>sibi</span> <span class='ocrx_word' id='word_1_345' title='bbox 616 2503 652 2529; x_wconf 91' lang='lat' dir='ltr'>non</span> <span class='ocrx_word' id='word_1_346' title='bbox 667 2498 743 2537; x_wconf 87' lang='lat' dir='ltr'>constat,</span> <span class='ocrx_word' id='word_1_347' title='bbox 763 2493 788 2529; x_wconf 89' lang='lat' dir='ltr'>ita</span> <span class='ocrx_word' id='word_1_348' title='bbox 807 2492 845 2529; x_wconf 88' lang='lat' dir='ltr'>fieri</span> 
     </span>
    </p>
   </div>
   <div class='ocr_carea' id='block_1_8' title="bbox 0 0 958 2803">
    <p class='ocr_par' dir='ltr' id='par_1_11' title="bbox 0 0 958 2803">
     <span class='ocr_line' id='line_1_42' title="bbox 0 0 958 2803; baseline 0 0"><span class='ocrx_word' id='word_1_349' title='bbox 0 0 958 2803; x_wconf 95' lang='lat' dir='ltr'> </span> 
     </span>
    </p>
   </div>
  </div>
 </body>
</html>
