1883 2803
409 114 543 151 -1'2„.

106 221 300 270 ·epistuiasPaulinas
314 226 427 269 receperunt,
442 222 495 258 etiarn
510 223 529 258 in
543 219 828 270 lectione,‘quamquamss‘vestigia

122 282 195 329 originis
213 280 327 318 dicuinianae
349 281 422 317 minime
443 292 517 328 prorsus
537 282 649 325 deleverunt,
669 280 828 319 concellaneu-

123 346 197 378 vcrunt..
214 342 238 378 Cf.
248 341 285 377 Gal.
295 341 322 384 IL:
331 341 348 376 5.
362 341 391 385 nr,
406 341 423 377 6.
435 342 472 378 16.Ἰ
496 342 557 389 Neque
570 342 634 389 reliqui
647 342 717 378 codices
730 340 829 379 dicuiniani

122 401 184 438 alienis
204 399 381 437 lectionibusiiberi
398 406 447 437 sunt.
467 401 502 437 *Ut*
516 412 573 438 unum
590 402 662 438 aderam
677 403 778 449 exemplum
793 413 828 450 quo

123 462 262 505 demonstretur,
277 472 316 508 quo·
323 460 376 497 modo
386 460 470 509 antiquae
479 461 564 498 lectiones
574 460 669 498 submotae
679 461 723 498 sint:
739 461 775 498 Gal.
786 462 806 506 ii,
817 462 829 498 4

122 522 207 569 Aicuinus
217 521 258 566 icgit
263 526 335 568 propter
342 521 455 565 introductam
463 532 526 557 manus
534 521 601 568 primae
613 521 702 557 simillima
714 521 753 557 ina
765 532 829 569 supra-

122 580 193 627 scripsit
206 581 246 629 scd3
257 580 305 617 ,iud
318 580 396 626 aprima
408 582 465 616 manu
480 587 552 628 propter
565 581 702 617 oedtrctroductes
715 580 815 617 exhibetur.
827 603 829 605 ·

175 640 233 675 Libris
254 639 314 675 sacris
329 640 445 675 emendandis
464 640 516 675 etiarn
529 641 613 687 aequalis
630 641 699 676 Aletrini
719 641 829 676 Thecdultus

123 699 217 746 episcopus
230 697 450 745 Aurelianensisoperam
465 698 519 735 dedit.
539 699 597 735 Cuius
607 699 665 735 studia
680 699 739 735 codice
748 699 829 735 Parisino

123 757 173 794 9380
193 769 234 794 cum
251 756 340 794 codicibus
357 756 432 793 Curensi
450 764 468 794 et
481 758 567 794 Totctcno
585 758 648 795 ccii'ato
666 758 753 795 illustrata
770 764 829 794 erunt.

173 817 243 853 Horum
264 816 349 860 alterum,
370 817 401 864 qui
420 816 439 853 in
453 816 561 854 bibliotheca
580 817 683 854 monasterii
701 818 718 854 S.
733 817 834 854 ,Trinitatis

124 888 182 924 prope
188 877 257 914 Caram
271 876 301 912 siti
315 881 422 919 asservatur,
435 877 454 913 in
469 877 567 925 appendice
580 881 593 913 t.
608 877 621 913 Ι.
635 877 704 914 Codicis
717 877 829 925 Dipiomatici

123 937 206 974 Cavensis
227 936 323 984 diligenter
341 937 435 984 descripsit
455 936 693 990 BrGaetanird'Aragena.
727 938 753 974 Ibi
775 937 829 974 etiam

125 997 224 1045 scripturae
238 997 275 1034 eius
290 996 382 1044 specimen
391 996 495 1041 exhibetur,
509 997 557 1045 qued
571 997 602 1045 qui
612 1002 694 1034 accurate
703 997 830 1035 examinaverit

124 1063 142 1093 et
163 1069 204 1094 cnm
224 1057 347 1093 monumentis
368 1057 465 1104 scripturae
484 1058 590 1104 Visigoticae
610 1058 740 1105 comparaverit
760 1064 829 1094 mecum

123 1117 208 1153 iudicabit
227 1118 281 1153 falsos
299 1127 337 1152 esse
350 1116 398 1152 viros
412 1117 480 1157 doctos,
501 1118 531 1163 qui
545 1118 603 1153 adhue
616 1121 780 1165 omnes'quantum
794 1119 830 1154 scio

123 1176 188 1213 titteris
197 1175 335 1223 Langobardicis
345 1176 520 1224 ccdiccmseriptum
531 1188 570 1213 esse
579 1177 721 1221 affirmaverunt,
734 1181 774 1214 cum
788 1177 830 1214 artis

124 1236 215 1272 scribendi
229 1236 357 1282 visigotorumr
363 1233 475 1272 luculentum
490 1236 580 1283 specimen
594 1237 623 1273 sit.
648 1237 698 1280 Quod
714 1248 754 1273 cunr
768 1237 791 1273 ita
801 1238 830 1280 sit,

123 1295 176 1332 taeile
189 1294 298 1343 intellegitur
312 1295 403 1343 quomode
417 1295 483 1333 factum
498 1296 526 1340 sit,
541 1301 560 1333 ut
573 1296 603 1333 hic
612 1307 653 1333 eum
663 1296 723 1333 codice
736 1297 830 1341 Toletane

125 1356 175 1392 cuius
188 1356 244 1392 varias
258 1355 345 1391 rectiones
358 1355 451 1391 Riauohini
466 1356 495 1399 (ct.
509 1356 599 1392 vindiciae
613 1357 741 1403 scripturarum
756 1357 830 1393 canoni-

124 1426 185 1451 carum
199 1427 216 1462 p.
226 1413 286 1451 XLIX.
297 1419 344 1462 sqq.)
358 1414 441 1461 vulgavit,
455 1415 555 1462 scripturae
568 1415 660 1462 specimen
673 1415 732 1452 Euald
747 1420 765 1453 ct
777 1415 831 1452 Leuc

124 1475 244 1522 (v.=Exenrpia
255 1474 354 1522 scripturae
364 1474 469 1521 Visigotieae
476 1475 511 1511 tab.
519 1474 556 1522 IX.)
566 1475 692 1518 exhibuerunt,
702 1487 768 1522 magno
778 1487 831 1522 opere

125 1534 230 1572 consentiat.
264 1533 309 1569 Cum
330 1538 407 1580 utroque
427 1539 486 1569 autem
509 1534 565 1569 ceder
585 1534 676 1570 Parisinus
697 1534 747 1571 9380
770 1535 831 1571 multis

125 1593 205 1640 partibus
219 1592 306 1640 congruit.
549 1637 550 1640 Ἰ

176 1652 200 1688 Et
212 1666 223 1688 κ
237 1657 254 1689 et
267 1651 388 1699 clppaginas
408 1651 501 1689 internas
518 1652 610 1689 columnas
630 1652 695 1690 divisas
715 1652 788 1689 habent.
815 1653 832 1689 θ

126 1723 235 1761 quamquam
249 1711 337 1759 scriptura
352 1711 460 1759 Carolingica
474 1711 493 1749 in
508 1723 529 1749 ee
543 1711 622 1749 adhibita
636 1718 672 1757 cst.
689 1712 796 1750 nitidissima
814 1718 832 1749 et

128 1772 259 1819 elegantissima
273 1771 371 1818 eademque
385 1771 458 1808 minima
472 1772 529 1809 torma
543 1771 643 1809 litterarum
658 1772 714 1809 codici
723 1786 734 1809 κ
743 1772 766 1809 ita
780 1772 831 1809 sinri-

126 1832 147 1868 lis
157 1836 191 1876 est,
206 1837 226 1868 ut
239 1830 311 1868 alterius
320 1830 379 1868 scriba
388 1831 464 1867 alterum
474 1831 560 1869 aemulari
569 1832 645 1869 voluisse
655 1832 740 1870 videatur.
760 1832 832 1869 Accedit

127 1892 174 1940 quod
188 1892 207 1928 in
221 1892 238 1928 θ
251 1890 336 1939 prologus
349 1891 368 1927 in
382 1902 445 1928 ornnes
459 1903 519 1928 sacrae
533 1892 632 1940 scripturae
646 1892 700 1929 libros
714 1893 733 1937 (i.
749 1893 767 1939 3)
782 1897 800 1940 et
812 1893 832 1929 in

127 1965 138 1987 κ
155 1951 241 1998 praefatio
255 1952 272 1987 S.
286 1950 429 1998 Hieronpmiin
451 1951 541 1998 evangelia
560 1952 585 1987 ita
605 1952 670 1999 scripta
691 1957 722 1996 est,
742 1957 762 1987 ut
781 1957 833 1999 parte

126 2010 204 2059 paginae
217 2021 272 2047 evacua
285 2009 347 2046 relicta
360 2010 453 2058 reliquum
465 2011 542 2059 spatium
556 2011 634 2047 formam
653 2011 711 2048 erucis
725 2011 793 2055 habeat,
814 2011 831 2047 id

63 2065 66 2068 ’
127 2071 174 2118 quod
184 2070 203 2107 in
213 2070 251 2107 aliis
261 2069 351 2106 codicibus
361 2075 460 2118 numquam
468 2070 590 2108 animadverti.
607 2071 680 2108 Videtur
690 2072 744 2119 igitur
755 2072 832 2119 scriptor

73 2147 75 2149 ·
126 2130 191 2166 codicis
200 2129 277 2173 Parisini
287 2129 377 2177 exemplar
386 2130 470 2166 Gavensis
480 2130 599 2174 simillimum·
612 2131 659 2178 quod
669 2130 776 2175 imitaretur,
790 2135 832 2167 ante

126 2189 186 2226 oculos
200 2179 290 2226 habuisse.

177 2248 267 2299 blentione
280 2247 345 2294 dignus
359 2253 387 2284 est
400 2248 452 2291 etiam
467 2249 540 2296 quidam
554 2250 574 2285 in
588 2249 716 2297 orthographia
730 2250 777 2287 inter
790 2263 800 2286 κ
815 2255 833 2288 et
896 2238 898 2241 .

126 2310 143 2345 θ
160 2319 264 2345 consensus.
291 2307 346 2351 Quae,
358 2308 406 2344 enim
425 2308 483 2345 forma
500 2308 592 2345 familiaris
610 2313 637 2346 cst
654 2309 726 2347 Curensi
740 2310 832 2357 quentin

126 2368 190 2416 epod
201 2368 237 2404 Gal,
248 2368 268 2411 ΙΙ,
282 2367 299 2404 3.
314 2368 332 2404 7,
347 2367 364 2404 9.
379 2368 403 2404 14
417 2368 451 2404 bis.
466 2368 495 2411 lli,
509 2367 527 2404 3.
541 2369 568 2412 lv,
584 2370 600 2405 1.
615 2368 632 2405 3.
648 2370 664 2406 9,
680 2369 709 2405 18.
724 2369 751 2412 vi,
766 2368 832 2406 3ctin

126 2430 143 2465 d
157 2427 230 2465 occurit
249 2426 315 2464 ibidem
334 2427 429 2475 quinquies
443 2428 464 2475 (Ι,
480 2428 509 2465 15.
526 2428 547 2471 ΙΙ,
565 2427 582 2465 3.
600 2429 617 2464 7.
632 2429 649 2466 b.
665 2429 703 2476 11).
729 2440 752 2477 qo
771 2440 804 2478 pro
824 2442 833 2466 e

126 2487 180 2524 babet
200 2489 217 2524 θ
236 2487 290 2524 etiam
311 2486 414 2535 insequuti
433 2488 472 2531 (Vl,
495 2487 526 2535 16)
547 2494 565 2524 et
583 2492 734 2536 persequutionem
753 2490 781 2535 (V,
802 2491 831 2526 11.

170 2610 181 2647 ¹)
191 2607 214 2639 dt.
225 2607 303 2646 Arevalus
315 2606 399 2638 isidoriana
410 2612 422 2638 t.
433 2607 444 2638 1.
455 2618 469 2648 p.
481 2609 516 2638 306.
559 2637 561 2648 Ἰ,
