1883 2803
396 107 516 145 -6-

153 216 190 254 lam
205 215 318 264 abantiquis
333 215 444 264 temporibus
458 228 498 253 mos
508 219 546 254 erat
559 216 637 264 singulos
651 216 721 254 divinae
735 217 812 266 scriptu-

102 289 133 315 rae
149 276 205 314 libros
218 277 238 314 in
252 275 310 324 capita
329 276 409 314 dividere
425 281 443 314 et
460 278 572 324 singulorum
593 277 670 325 capitum
687 283 813 325 argumentum

104 337 183 374 breuiter
197 340 299 373 enarratum
314 336 388 383 singulis
402 336 451 373 libris
461 337 581 384 praemittere.
600 338 657 384 Atque
666 338 730 375 harum
744 339 814 386 capitu-

103 396 190 433 lationum
205 408 250 444 quae
264 401 351 432 vocantur
365 396 394 441 (de
408 395 473 444 quibus
484 408 498 432 1,
509 396 546 432 Jos.
559 396 650 433 Thonrasii
665 398 758 434 cardinalis
772 411 813 446 opp.

104 457 149 503 11.)
163 458 231 494 multae
244 456 338 505 variaeque
351 457 372 492 ad
387 457 459 493 eosdem
473 456 528 493 libros
542 456 654 503 pertinentes
667 457 685 493 in
699 459 752 495 trariis
766 459 815 495 codi-

105 516 155 554 cibus
170 522 241 554 exstant
255 527 328 564 eaeque,
342 521 362 552 ut
375 517 423 553 tituli
437 516 584 564 capitulationum
597 528 637 553 cum
647 517 687 565 ipso
696 522 746 555 textu
759 518 814 555 libro-

104 588 145 613 rum
167 577 225 614 collati
244 577 328 624 probant,
349 576 415 623 partim
436 576 547 623 antiquiores
568 588 621 623 [quarn
642 577 721 624 Vulgata.
753 578 814 625 Neque

105 646 167 673 earnm
181 646 225 684 quas
239 635 353 672 distinximus
368 635 530 683 classiumsinguli
544 635 614 673 codices
627 636 662 673 hac
674 636 694 673 in
707 647 727 674 re
740 647 814 686 prorsus

105 697 153 732 inter
170 708 189 732 se
208 695 328 732 consentiunt.
355 695 381 732 Ita
396 695 460 733 solain
471 707 532 732 eorum
547 695 577 743 qui
587 697 608 733 ad
618 696 712 734 Alcuinum
726 698 815 735 referendi

107 761 151 792 sunt
159 757 240 792 codicum
251 755 306 791 classe
316 755 427 802 evangelium
436 754 521 792 Matthaei
530 767 567 792 non
576 755 637 792 minus
647 756 727 804 quinque
737 757 815 793 diversas

107 815 242 863 capitulationes
256 814 314 850 habet.

159 875 226 911 Tamen
240 874 261 910 ad
270 873 347 910 familias
357 874 439 910 codicum
450 874 586 921 distinguendas
600 873 709 911 1111111111
723 886 768 922 qnae
782 875 817 911 sint

106 935 155 970 inter
169 934 238 970 codices
252 930 384 979 cognoscendas
398 933 534 981 capitulationes
549 933 642 980 diligenter
657 933 768 970 examinatae
784 934 816 971 ali-

108 998 196 1042 quantum
213 993 320 1036 conterunh-
334 1004 444 1041 quamquam
462 993 553 1029 interdum
570 993 610 1029 libri
625 993 656 1041 qui
673 993 691 1029 in
705 994 816 1041 capitulatio-

107 1053 160 1090 nibus
174 1052 291 1090 consentiunt
303 1052 323 1089 in
340 1052 416 1089 lectione
433 1053 473 1100 plus
490 1053 527 1090 aliis
546 1052 660 1090 dissentiunt.
687 1052 732 1090 Nam
747 1053 816 1101 eapitu-

107 1112 177 1150 lationis
191 1118 208 1149 et
222 1117 280 1148 textus
292 1111 348 1160 ipsius
362 1114 431 1150 fontem
442 1113 519 1150 eundem
533 1124 572 1150 esse
581 1123 655 1150 necesse
664 1122 700 1149 non
711 1118 743 1150 est.
766 1113 817 1157 Quid,

110 1173 157 1221 quod
171 1172 213 1209 libri
227 1172 317 1208 interdum
332 1172 386 1209 modo
400 1174 452 1221 plane
466 1173 537 1210 diverso
551 1184 604 1220 quam
619 1172 774 1221 capitulationibus
789 1174 817 1210 in-

108 1232 186 1269 dicatum
197 1237 235 1269 erat
249 1231 299 1268 divisi
312 1230 368 1268 sunt?
389 1233 441 1270 Velut
450 1233 507 1269 codex
516 1232 588 1280 qnidam
598 1232 718 1275 Modestinus,
732 1232 763 1281 qui
772 1238 799 1270 est
808 1247 817 1270 e
827 1241 828 1244 ’

107 1289 422 1338 11111510111111111111111.1111)
439 1303 478 1327 eam
495 1304 541 1339 quae
557 1292 623 1328 horum
644 1292 725 1328 codicum
745 1293 817 1340 propria

108 1351 181 1389 uidetur
196 1363 235 1387 esse
251 1351 322 1388 inacta
339 1351 460 1398 apostolorum
479 1352 623 1400 capitulationem
641 1351 722 1397 serravit,
737 1352 766 1389 sed
780 1352 818 1400 ipsa

109 1416 148 1449 acta
164 1412 265 1448 secundum
284 1411 335 1447 aliam
356 1412 445 1458 quandam
464 1411 615 1460 capitulationem,
637 1423 689 1460 quam
710 1412 818 1460 posteriores
835 1460 836 1463 Ἰ

110 1471 164 1508 huius
178 1471 239 1508 classis
253 1470 323 1507 codices
336 1475 450 1519 receperunt,
465 1471 549 1508 distinxit.

161 1531 211 1574 Quae
225 1542 260 1577 quo
275 1530 328 1566 modo
341 1529 388 1567 facta
402 1531 438 1568 sint
452 1532 532 1578 exemplo
547 1530 612 1567 codicis
624 1529 719 1567 Fuldensis
733 1531 818 1567 illustrari

110 1593 175 1639 potest.
206 1590 260 1627 Cuius
280 1589 357 1637 scriptor
377 1589 412 1627 duo
432 1590 537 1638 exemplaria
556 1593 597 1626 ante
614 1601 633 1626 se
654 1588 723 1633 habuit,
741 1600 819 1637 quorum

111 1650 186 1686 alterum
201 1648 304 1697 descripsit,
322 1649 398 1690 alterum
416 1655 477 1696 postea
497 1651 519 1686 ad
532 1660 585 1686 sarum
601 1650 679 1685 codicem
693 1650 818 1696 corrigendum

110 1708 196 1745 adhibuit.
222 1708 291 1744 Horum
310 1709 387 1744 [luorum
404 1708 486 1745 codicum
499 1709 517 1744 -is
536 1720 589 1755 quem
610 1707 705 1754 descripsit
725 1709 818 1756 epistulam

110 1767 236 1804 adHebraeos
250 1767 307 1816 ipsam
321 1766 394 1815 quidem
409 1778 440 1815 per
455 1767 490 1804 125
505 1767 561 1816 capita
576 1767 695 1810 distributam,
709 1767 820 1815 capitulatio-

110 1837 153 1863 nem
166 1826 282 1874 praemissam
292 1826 451 1871 nullamhabebat‚
466 1827 518 1863 utin
533 1826 593 1864 codice
606 1826 696 1863 smiatino
710 1827 819 1875 apocalypsis

111 1886 135 1923 25
150 1886 239 1935 capitibus
253 1886 337 1924 distincta
355 1891 391 1930 est,
409 1886 511 1935 capitulatio
530 1887 585 1924 deest.
612 1887 649 1923 lam
664 1886 740 1933 scriptor
753 1886 819 1923 codicis

110 1946 205 1983 Fuldensis
219 1951 239 1983 ut
252 1946 269 1982 id
284 1947 331 1994 quod
345 1946 405 1984 deerat
419 1947 509 1995 suppleret
524 1946 675 1994 capitulationem
684 1958 706 1982 ex
720 1947 775 1983 altero
789 1959 819 1983 co-

111 2005 150 2043 dice
162 2006 234 2055 petivit,
248 2017 294 2055 quae
310 2010 381 2050 tamen,
401 2018 442 2044 cum
458 2006 481 2043 12
496 2006 552 2055 capita
570 2005 642 2051 habeat,
660 2005 717 2054 ipsius
733 2005 819 2054 epistulae

113 2067 198 2103 divisioni
212 2066 287 2103 minime
300 2062 403 2113 respondet.

162 2127 218 2164 Docet
231 2126 376 2175 capitulationem
391 2127 447 2174 copia,
462 2132 527 2173 quanta
541 2126 596 2163 fuerit
608 2126 735 2173 exemplarium
745 2126 820 2163 uarietas

112 2192 131 2222 et
144 2198 179 2234 quo
193 2186 247 2223 modo
261 2186 341 2223 diversae
355 2185 428 2233 originis
442 2186 511 2222 codices
521 2186 569 2222 inter
578 2197 597 2221 se
609 2185 658 2222 misti
672 2190 689 2221 et
702 2185 769 2222 turbati
779 2185 820 2222 sint.

112 2245 157 2281 Nam
171 2245 261 2282 rarissime
275 2246 347 2287 accidit,
365 2251 385 2281 ut
403 2246 416 2282 si
434 2245 554 2292 quisnorum
573 2239 662 2293 exemplar
676 2245 703 2281 vel
716 2245 755 2293 ipse
768 2257 819 2292 para-

113 2311 162 2342 verat
175 2305 201 2341 111
216 2304 273 2353 parari
287 2304 366 2341 iusserat
379 2305 401 2341 ad
416 2304 495 2341 codicem
510 2304 618 2352 descriptum
630 2316 667 2340 nou
676 2304 730 2340 alium
744 2304 820 2351 aliquem

113 2364 215 2409 adhiberet,
233 2364 283 2401 ouius
297 2376 330 2412 ope
343 2376 397 2401 suum
410 2369 481 2402 textum
495 2364 593 2411 corrigeret
611 2356 638 2401 vel
655 2364 703 2400 unde
718 2364 772 2401 varias
785 2364 821 2401 lec-

113 2425 172 2461 tiones
191 2425 211 2460 in
232 2424 312 2471 margine
328 2425 356 2460 vel
371 2425 419 2461 inter
435 2424 491 2460 lineas
505 2424 547 2460 novi
564 2424 668 2472 exemplaris
689 2423 821 2460 transcriberet.

113 2485 139 2520 lta
153 2496 219 2521 novum
235 2484 319 2532 qnodque
333 2484 422 2533 exemplar
432 2483 482 2532 quasi
492 2495 537 2525 nora
547 2484 633 2531 quaedam
644 2482 698 2520 editio
712 2488 756 2520 erat.
771 2483 821 2527 Quod

114 2551 223 2592 quamquam
241 2545 278 2580 scio
297 2544 374 2591 quodam
394 2544 448 2580 modo
467 2543 486 2579 in
500 2554 563 2580 omnes
577 2544 607 2591 qui
621 2554 653 2591 per
662 2543 745 2579 medium
760 2549 821 2579 aevum

114 2604 232 2641 describendo
246 2604 389 2652 propagabantur
402 2604 456 2640 libros
470 2604 534 2647 ualere,
547 2609 608 2639 tamen
622 2614 657 2651 quo
668 2602 727 2640 maior
736 2613 822 2639 numerus
