1883 2803
414 111 595 149 -34-.

129 230 175 266 quae
188 217 210 254 ab
225 217 334 265 Hieronymo
348 218 481 266 respondentur
490 218 549 255 verbis
559 218 653 266 Augustini
666 218 802 256 contradicitur:
816 218 838 256 ‘si

128 289 158 314 me
178 282 199 315 ut
220 278 263 315 dicis
284 277 303 314 in
316 277 372 314 Novi
390 277 501 314 Testamenti
521 277 646 315 emendatione
666 278 742 326 suscipis
757 305 837 314 .....

130 338 212 374 eamdem
222 336 343 385 integritatem
354 337 440 374 debueras
451 338 504 373 etiam
514 337 534 373 in
541 338 600 374 Veteri
607 338 680 374 credere
687 337 808 374 Testamento‘
815 336 837 385 ¹).

130 396 169 433 Hoc
182 397 230 433 eninr
250 396 308 432 dicere
322 396 386 444 potuit,
403 395 439 433 sive
453 408 507 434 omne
521 397 542 433 N.
557 397 576 433 T.
590 397 627 434 sive
641 402 710 444 partem
725 397 762 434 eins
776 408 837 434 emen-

130 457 206 501 daverat,
222 467 262 494 cum
277 455 320 493 nibil
335 456 382 492 aliud
396 456 496 504 significare
510 457 562 494 vellet
575 457 610 494 nisi
620 457 691 494 easdem
704 456 783 494 rationes
793 468 838 505 quae

129 516 148 552 in
162 516 276 553 emendando
290 515 311 553 N.
325 516 345 553 T.
360 516 469 564 approbatae
491 517 527 554 sint
547 517 565 553 in
579 518 641 553 Vetere
661 529 698 554 ooo
719 528 772 564 posse
789 517 838 554 reici.

129 576 191 624 ltaque
204 576 273 613 llaulen
287 588 308 612 er
322 575 349 612 his
363 576 407 613 locis
421 597 445 603 —
459 588 501 614 nam
515 576 537 613 de
551 576 615 625 quibus
630 576 668 614 aliis
682 576 760 624 cogitare
773 580 837 624 potne-

130 636 154 672 rit
167 637 229 673 nescio
242 656 268 662 -v
282 630 421 676 conicerenon
442 636 504 672 debuit
523 636 559 671 iam
573 641 621 683 post
633 636 709 683 vtriginta
723 635 838 673 annosNori

129 695 179 731 Test.
192 695 290 732 editionem
304 693 449 743 ab‘Hierooyroo
463 697 543 730 curatam
558 695 610 742 vulgo
624 697 714 743 receptam
728 696 808 742 fuissell.
827 720 829 731 .

163 778 166 779 ν
178 755 282 790 verisimde
297 753 339 790 mihi
350 754 420 802 videtur
434 765 474 790 esse
486 754 614 800 Hieronymum
624 765 670 790 cum
686 754 780 801 euangeliis
789 746 839 802 prius

130 813 182 850 editis
196 819 264 850 ceteros
276 812 322 849 Nori
334 812 383 849 'l'cst
397 813 452 849 libros
462 817 528 860 postca
536 813 764 860 coniunctosrnlgarissc.
780 813 839 850 ‘Certe

129 873 200 910 Veteris
209 872 256 910 'l'est
271 871 327 908 libros
335 883 377 909 ,uno
386 872 478 909 volumine
491 872 573 919 colligere
586 873 604 909 in
619 872 679 909 animo
689 872 774 909 habuisse
789 872 837 910 vide.-

129 939 165 976 tur‚
179 944 221 970 cnm
234 933 253 969 in
266 932 341 980 prologo
355 932 439 980 inregcs
453 932 548 969 scriberet:
562 932 597 979 ‘bic
610 932 694 980 prologus
708 932 837 980 scripturarum

130 993 181 1041 quasi
195 989 282 1040 galeatum
296 990 403 1039 principium
418 992 501 1039 omnibus
513 991 563 1029 libris
573 1003 618 1039 quos
628 993 650 1029 de
659 992 739 1029 Hebraeo
748 996 848 1029 vertemus.

130 1052 164 1097 (sie
176 1062 209 1100 pro
219 1054 301 1089 vertimus
309 1051 405 1098 legendum
415 1051 450 1099 est)
464 1051 482 1087 io
497 1051 580 1088 Latinum
595 1051 692 1088 conuenire
704 1050 777 1098 potest'.
797 1051 839 1088 Sive

132 1112 171 1160 ipse
185 1111 221 1149 sive
235 1102 284 1149 alius
293 1110 333 1159 quis
347 1110 365 1147 V.
380 1114 398 1147 et
408 1110 432 1148 u.
446 1110 466 1146 T.
481 1122 490 1147 e
504 1111 610 1156 recensione
622 1110 731 1159 Hieronymi
742 1110 842 1155 coniuncta

130 1171 191 1213 edidit,
213 1171 266 1209 editio
287 1170 372 1218 quaedam
393 1170 475 1208 omnium
492 1171 579 1209 librorum
600 1182 692 1209 sacrorum
707 1170 744 1209 sub
764 1170 838 1209 nomine

129 1231 233 1279 Hieronymi
248 1231 333 1268 exstabat.
352 1230 390 1266 Hoc
403 1241 424 1267 ex
437 1224 543 1267 Cassiodorii
556 1231 669 1267 institutione
678 1230 742 1267 divina
755 1230 840 1267 conicere

129 1290 175 1333 licet,
195 1290 215 1326 in
225 1302 272 1338 ¹qua.
286 1289 409 1326 Cassiodorius
426 1301 445 1326 sc
464 1296 500 1327 tres
512 1290 588 1326 codices
603 1291 732 1339 scripturarum
747 1300 837 1327 sacrarum

129 1350 234 1387 scribendos
248 1350 337 1387 curavisse
351 1349 399 1394 dicit,
414 1361 491 1398 quornm
505 1351 575 1387 inuno
588 1350 644 1386 libros
658 1350 757 1387 secundum
772 1350 836 1386 Hiero-

129 1402 210 1457 nymum,
224 1409 244 1444 in
258 1409 313 1444 altero
327 1409 427 1445 secuudum
441 1409 530 1446 Hilarium
541 1414 559 1445 et
572 1409 698 1456 Epiphaniam,
713 1409 732 1445 in
746 1409 799 1445 tertio
809 1419 837 1444 se-

129 1468 209 1506 cundum
224 1466 344 1516 dngostiuum
361 1479 381 1505 se
398 1467 533 1515 ordinavissell.
560 1468 628 1505 Horum
642 1468 726 1517 indicum·
736 1468 805 1516 primus
819 1468 838 1504 in

129 1529 193 1564 Vetere
206 1528 254 1564 Test.
269 1539 315 1564 curn>
323 1528 398 1574 prologo
412 1529 480 1574 galeato
495 1529 583 1575 congruit.
602 1528 636 1564 Sed
650 1528 670 1564 io
684 1529 718 1564 boo
732 1527 776 1564 Nori
789 1527 837 1563 Test.

129 1587 172 1624 libri
185 1600 222 1625 non
233 1592 353 1625 numerantur
363 1599 422 1635 neque
432 1588 506 1625 omniuo
520 1589 539 1625 io
553 1588 624 1636 scriptis
634 1588 737 1636 Hieronymi
748 1589 838 1635 catalogus

130 1659 194 1685 omnes
206 1648 263 1684 libros
278 1659 338 1683 sacros
352 1647 386 1683 boc
399 1648 461 1684 ordine
474 1649 596 1695 complectens
611 1648 707 1683 invenitur.
729 1648 791 1696 ltaque
804 1658 838 1695 qua

129 1704 282 1744 reCassiodorins
291 1706 374 1743 inductus
383 1707 412 1751 sit,
422 1712 442 1745 ut
449 1713 508 1745 totum
517 1707 615 1755 catalogum
625 1707 735 1755 Hieronymo
745 1706 838 1749 tribueret,

129 1768 203 1810 uescie'
212 1767 247 1803 uisi
260 1767 305 1804 liber
318 1771 417 1814 utrumque
435 1771 562 1804 testamentum
580 1779 602 1803 ex
615 1767 763 1815 interpretatione
778 1772 795 1803 et
808 1778 843 1803 re-⁴

130 1827 215 1864 censione
229 1826 332 1874 Hieronymi
352 1827 447 1864 continens
468 1827 487 1864 in
504 1839 559 1864 maun
577 1827 593 1864 ei
611 1827 672 1865 fuerit.
699 1827 757 1864 Libris
771 1827 839 1863 Veteris

129 1887 178 1924 'lest
194 1887 292 1923 secundum
307 1887 402 1933 prologum
415 1888 504 1934 galeatum
518 1887 610 1935 dispositis
629 1887 684 1923 libros
698 1886 742 1922 Novi
755 1887 804 1923 Test.
819 1898 840 1930 ex

130 1958 162 1983 suo
178 1946 251 1982 arbitrio
266 1945 357 1982 ordinatos
372 1957 412 1981 enm
427 1946 529 1982 adiunxisse
542 1952 638 1993 propterea
648 1946 744 1988 uerisimile
757 1957 793 1981 non
807 1951 840 1988 est,

130 2004 178 2053 qnod
192 2016 233 2042 cum
251 2005 319 2041 isidoro
333 2004 433 2053 Hispalensi
447 2005 466 2042 in
479 2005 525 2043 libro
535 2006 562 2043 Vl.
577 2006 609 2042 cl
627 2005 774 2052 etymologiarum
788 2005 840 2053 plane

131 2065 219 2111 congruit.
246 2065 280 2100 Hie
293 2064 398 2101 enimcum
413 2065 500 2102 Hebraica
514 2065 588 2101 nomina
602 2064 688 2101 librorum
704 2060 840 2114 Veteris'Test„

130 2135 176 2172 quae
190 2124 209 2159 in
219 2123 278 2160 indice
287 2122 395 2160 Cassiodorii
408 2124 479 2170 desunt
494 2124 581 2168 omiserit,
596 2136 618 2160 ex
631 2124 666 2160 hoc
679 2129 727 2160 certe
741 2135 778 2160 non
792 2135 838 2171 pen-

130 2184 166 2225 det,
186 2183 249 2219 sedt
231 2189 249 2219 et
262 2183 300 2231 ipse
314 2194 335 2218 er
350 2183 391 2220 edit
379 2188 428 2220 rone
436 2183 540 2232 Hieronymi
553 2183 630 2219 indicem
644 2194 697 2219 sunm
708 2182 841 2256 deprompsisse

129 2243 205 2279 videtur.

182 2301 275 2338 Tenebant
268 2307 349 2338 tantem
363 2302 414 2342 Novi
421 2303 468 2339 rest.
483 2303 523 2340 libri
537 2302 583 2350 opud
596 2302 726 2351 Hieronymum
740 2302 839 2372 seeundum

129 2360 264 2398 Cassiodorium
277 2362 325 2397 bunc
339 2362 434 2398 ordinem
435 2364 453 2410 ):

172 2466 183 2504 ¹)
196 2476 219 2505 ep.
232 2464 277 2495 CXII.
290 2469 302 2494 t.
313 2465 324 2495 I.
336 2466 371 2497 753.

171 2513 256 2551 ²)llaulen
270 2504 362 2544 [leschielrte
373 2515 400 2545 cler
411 2515 479 2554 Vulgata
490 2526 503 2555 y.
517 2517 551 2547 tot.

171 2564 183 2600 ⁸)
195 2563 217 2594 Cf
229 2573 268 2602 quae
279 2566 308 2593 bne
319 2564 337 2593 dc
349 2573 366 2593 1e
377 2565 434 2604 scripsi
445 2565 460 2594 io
472 2565 554 2595 annalibus
565 2564 687 2625 tlrcelogicist.
693 2563 719 2594 lX
732 2574 746 2604 p
758 2565 825 2627 dlbsqq.

170 2612 210 2651 ⁴)ln
222 2612 316 2644 editionibus
328 2623 357 2642 non
370 2618 414 2643 recte
425 2615 517 2660 exhibetur
529 2625 543 2646 v
555 2615 566 2645 l
578 2624 590 2644 c.
