1883 2803
415 82 535 119 -7-

123 190 251 241 exemplarium
261 200 313 238 quae
326 189 538 235 desortbebonmuerao,
555 201 576 227 eo
593 189 658 239 plures
671 202 735 237 causae
750 190 833 229 lectionis

123 249 350 289 mutandaenascebantur
360 254 378 287 et
387 251 443 298 magis
457 250 550 300 magisque
563 251 693 289 librosuariari
706 258 780 290 necesse
788 257 832 290 erat.

175 311 210 347 Sed
231 311 253 347 de
272 309 300 347 his
321 304 376 347 rebus
394 309 437 347 satis
455 310 475 347 in
489 311 597 349 universum
616 311 683 349 dictum
701 312 730 349 sit.
757 312 833 349 lanatde

76 403 78 405 ,
127 370 202 417 singulis
215 370 310 408 codicibus
324 370 422 407 uideamus.
449 370 475 407 Ac
488 371 567 419 primum
578 376 664 418 statuam,
678 377 729 420 'quot
743 376 762 408 et
775 371 833 419 qualia
907 394 911 396 μ

125 430 207 468 codicum
220 428 255 479 'qui
275 431 297 468 ad
315 430 409 479 Vulgatarn
429 429 640 479 constituendamapti.
654 430 748 469 uideantur
768 442 833 479 genera

125 490 239 539 distinguam.
692 496 693 499 ’

175 551 190 596 l)
205 550 281 587 Codices
286 555 355 587 textum
366 549 512 597 antiquissimum
527 549 655 587 continentes:
664 549 724 587 Codex
733 550 833 588 Amiatinus

124 609 155 658 (A)
169 610 207 646 cod.
221 610 316 646 Fuldensis
331 609 360 656 (p)
372 610 412 645 eod.
421 608 680 656 Vaticanus-Reginensisffl)
693 610 732 646 eod.
742 609 833 655 Parisinus

125 669 238 717 1155311).
676 686 678 690 r

174 729 198 777 ll)
212 729 285 766 Codices
300 741 309 765 e
322 727 428 766 recensione
442 727 513 765 Aleuini
527 728 638 777 pendentes:
655 729 698 766 Cod.
712 729 833 767 vallicellanus

124 787 138 823 B
152 787 164 824 11
178 787 203 836 (1)
217 788 255 837 ootl.
269 788 361 825 Parisinus
376 787 387 823 2
401 786 428 835 (b)
443 788 481 824 ced.
495 786 645 835 Modoettonsp)
654 788 693 825 cod.
707 788 792 826 Paulinus
806 789 833 836 (d)

75 844 77 846 ’
127 848 165 884 cod.
180 847 272 884 Parisinus
286 848 298 883 4
313 848 336 894 (e)
351 847 390 884 cod.
404 846 480 884 Parisin.
497 848 506 883 1
522 847 544 895 (1)
559 848 597 885 cod.
606 847 688 885 Parisin.
702 847 713 883 3
727 846 760 895 (g).
812 878 815 884 ,

176 907 207 952 lll)
222 907 294 944 Codices
308 906 393 954 Hispani:
407 905 450 943 Cod.
465 906 550 944 Cavensis
561 906 587 954 (κ)
597 912 615 944 11
628 907 725 944 Toletanus
738 906 770 955 (1).
789 907 833 951 Qui-

125 958 201 1004 buscum
215 970 290 1014 cognata
304 971 330 1003 est
343 965 425 1003 recensio
439 965 532 1004 Theodulfi
549 965 628 1015 episcopi
641 966 772 1004 Aurelianensis
789 977 834 1014 quae

50 1078 54 1081 ἓ
126 1026 229 1064 continetur
243 1025 304 1063 codice
317 1026 398 1064 Parisino
412 1025 462 1063 9380
476 1027 483 1072 (
500 1028 513 1073 ).

164 1086 208 1134 ll)
225 1086 299 1123 Codices
313 1086 420 1123 Gasinenses
435 1085 473 1122 552
487 1083 517 1133 (dl)
531 1092 549 1123 et
562 1085 599 1123 557
613 1082 653 1132 (11).

179 1147 274 1183 Praeterea
288 1145 396 1183 testimoniis
411 1146 492 1183 codicum
505 1146 544 1184 eius
558 1150 612 1194 quam
629 1156 683 1194 supra
697 1145 731 1183 dixi
746 1144 807 1183 classis
819 1157 834 1182 s.

127 1206 200 1243 ll—llll
213 1207 232 1243 in
246 1206 294 1244 ltalia
308 1206 416 1254 scriptorum
430 1206 450 1243 iu
464 1206 492 1243 his
502 1205 633 1256 prolegomenis
640 1211 686 1243 utar.
705 1206 752 1243 Sunt
761 1205 835 1243 codices

127 1265 280 1303 Sessorianus13
300 1276 349 1303 nunc
368 1265 487 1302 bibliothecae
507 1277 553 1313 quae
573 1265 671 1303 memoriae
688 1266 734 1313 regis
755 1266 831 1302 Victoris

128 1325 232 1362 Emanuelis
249 1324 330 1362 dedicata
344 1331 372 1362 est
380 1324 414 1373 (1),
429 1324 552 1362 Casauatensis
562 1325 575 1361 B
585 1325 598 1367 l,
613 1324 624 1361 8
634 1324 667 1372 (2),
680 1325 774 1362 Vaticanus
784 1324 833 1360 4221

130 1385 164 1434 (3),
177 1384 294 1433 Angelieanus
303 1384 318 1420 Τ
327 1385 341 1428 l,
352 1385 374 1421 11
385 1384 419 1430 (4),
432 1384 561 1422 Ambrosianus
571 1384 583 1422 C
593 1383 630 1422 223
640 1384 672 1421 inl.
682 1384 710 1433 (5)
719 1384 835 1422 bibliothecae

109 1453 111 1457 ⁴
129 1445 210 1493 publicae
224 1445 349 1493 Neapolitanae
363 1443 415 1481 biblia
429 1455 475 1492 quae
489 1450 575 1482 vocantur
588 1445 656 1482 Aliensi
669 1444 697 1492 (θ)
710 1445 749 1482 cod.
763 1443 835 1491 Angeli-

128 1515 183 1542 eauus
196 1504 211 1540 'P
224 1504 237 1548 l,
252 1504 264 1540 9
277 1502 311 1551 (7).
771 1538 773 1542 ,
825 1544 826 1547 ¹

155 1596 157 1598 ,
180 1563 211 1601 1111
225 1564 302 1601 addendi
316 1569 359 1601 suut
372 1563 440 1612 aliquot
453 1562 835 1612 11111111111111111111111111111

130 1624 201 1660 familiis
221 1624 243 1660 de
261 1623 326 1670 quibus
347 1623 425 1660 diximus
441 1622 604 1660 necessitudinibus
622 1623 728 1670 quibusdam
743 1622 836 1660 coniuncti

130 1688 247 1720 1111111111
261 1683 293 1720 111
307 1682 383 1731 quisque
398 1687 455 1720 certae
469 1682 521 1720 classi
533 1682 588 1720 tribui
600 1693 638 1720 nou
651 1688 734 1731 possunt.

181 1742 310 1779 Ambrosianus
324 1742 372 1779 1348
386 1753 425 1790 sup.
440 1734 458 1779 s.
468 1742 497 1778 lX.
523 1741 608 1778 Continet
622 1741 708 1789 epistulas
722 1742 740 1778 S.
754 1742 805 1779 Pauli
818 1748 836 1779 11

129 1803 223 1841 canonicas
242 1801 275 1850 (8).
297 1801 493 1840 Vaticanus-Palatinus
514 1801 539 1838 57
559 1813 574 1839 s.
588 1800 623 1838 x„
645 1802 836 1852 Continet-epistulas

131 1864 149 1900 S.
164 1862 213 1899 Pauli
228 1861 262 1911 (9).
280 1861 400 1899 Bibliothecae
414 1861 535 1898 Vallicellanae
548 1861 600 1898 Tum.
613 1861 654 1898 Xlll
667 1862 679 1899 l.
694 1861 757 1899 1--69
771 1863 836 1911 quibus

131 1923 247 1960 continentur
261 1922 348 1970 epistulae
356 1919 380 1960 'S.
389 1921 440 1959 Pauli
449 1932 464 1959 s.
472 1921 493 1959 11.
505 1921 551 1968 (10).
569 1921 654 1959 Eiusdem
668 1921 768 1960 1119111.
788 1922 836 1960 Con-

130 1983 177 2021 tinet
186 1987 228 2031 post
237 1982 294 2019 111111
308 1981 466 2019 commentarium
473 1981 491 2018 in
500 1980 579 2019 llareum
589 1985 607 2018 et
616 1981 682 2018 Lucam
692 1981 776 2030 epistulas
789 1982 836 2019 Pau-

130 2043 182 2086 troas,
192 2047 230 2079 aeta
240 2042 370 2091 apostolorum,
384 2042 469 2090 epistulas
479 2041 574 2078 canonicas
582 2041 628 2089 (11).
642 2041 758 2084 Sessorianus
766 2042 836 2079 3111.

131 2102 216 2141 Continet
229 2112 290 2140 sacrae
303 2101 403 2150 scripturae
417 2102 490 2139 alteram
504 2106 572 2150 partem
586 2100 702 2150 incipientem
716 2113 726 2139 a
737 2101 837 2150 proverbiis

132 2161 178 2208 (12).
204 2162 322 2208 Angelicanus
335 2161 350 2198 A
365 2162 382 2205 5,
392 2162 421 2198 ,14
430 2173 444 2198 s.
458 2160 503 2197 lllll.
520 2160 604 2198 Continet
613 2162 749 2209 ‘evangeliorum
762 2162 836 2198 harmo-

130 2222 179 2266 niam
194 2222 269 2258 eandem
284 2232 337 2269 quam
350 2220 390 2258 eod.
400 2220 501 2264 Fuldensis
516 2221 601 2268 epistulas
615 2220 633 2257 S.
643 2220 699 2266 Pauli,
713 2226 751 2258 1111
764 2225 837 2270 aposto-

131 2281 189 2318 lorum
204 2292 261 2328 usque
275 2281 297 2318 ad
311 2291 349 2328 cap.
363 2280 388 2317 26
402 2280 450 2328 (13).
805 2307 806 2310 ,

182 2340 266 2379 Codicem
286 2338 398 2377 Amiatinurn
421 2338 677 2388 diligentissimedescripsit
698 2338 796 2377 Bandinius
818 2339 836 2377 in

130 2400 209 2448 catalogo
228 2400 347 2437 bibliothecae
360 2399 480 2449 Leopoldinae
500 2399 635 2445 Laurentianae.
649 2403 662 2436 t.
679 2399 692 2436 l.
705 2411 727 2447 p.
740 2400 777 2436 -711
796 2411 836 2447 sqq.

131 2463 188 2505 Quem
203 2460 276 2507 quidem
290 2459 336 2506 fugit
348 2459 436 2496 rationem
451 2459 540 2507 quandam
554 2459 601 2495 inter
614 2459 664 2496 hunc
677 2458 756 2495 codicem
770 2470 837 2506 eosque
867 2476 868 2479 =

130 2532 175 2568 quos
190 2519 312 2557 Cassiodorius
326 2519 379 2556 scribi
393 2518 464 2563 iussn)
483 2518 600 2561 intercedere,
618 2517 705 2567 equibus
719 2529 776 2563 unum
790 2522 837 2556 certe

171 2590 183 2629 ¹)
195 2590 214 2621 V.
226 2589 334 2620 Cassiodorius
345 2588 364 2619 de
375 2589 474 2619 institutione
485 2588 533 2620 divin.
541 2588 635 2623 litterarum
644 2597 676 2627 cap.
688 2587 761 2627 Xllrsqq.
