1883 2803
403 104 537 141 „10-

168 210 213 246 Cum
228 210 262 247 boe
275 209 336 246 codice
349 209 443 247 Parisinus
458 210 469 247 3
484 209 529 259 (g)¹)
544 215 562 248 et
575 210 651 248 lectione
668 215 686 247 et
700 210 825 259 capitulatione

116 276 134 306 et
148 270 212 306 ordine
225 271 311 307 librorum
326 276 344 306 61
357 282 443 307 mensura
453 270 570 307 membranae
580 282 654 318 prorsus
665 272 753 308 consentit
766 283 825 320 neque

117 329 164 365 aliud
185 330 233 366 inter
249 341 280 366 eos
299 329 375 365 interest
393 329 428 366 nisi
445 331 493 378 quod
512 330 615 377 magnificae
633 330 702 366 litterae
715 330 793 367 initiales
807 335 826 367 et
843 376 845 379 Ι

117 389 205 436 imagines
219 389 274 425 minio
288 388 353 436 pictae,
367 389 432 437 quibus
445 390 474 426 ille
488 395 563 428 ornatus
573 395 606 433 est,
620 389 639 426 in
648 390 683 427 hoo
694 390 825 427 desiderantur.

118 449 162 485 Cum
180 460 222 485 vero
236 449 284 502 unde
305 449 334 493 sit,
354 449 403 486 nullo
423 450 477 486 modo
497 450 595 487 indicatum
613 450 636 486 sit
650 470 674 474 —
688 459 729 485 narn
748 451 826 497 quaein

118 508 186 544 ultimis
205 508 253 545 foliis
271 508 344 555 originis
363 508 401 545 eins
416 509 487 556 vestigia
505 509 590 545 videntur
603 508 667 552 inesse,
682 507 747 554 quibus
761 508 825 545 Delisle

117 567 182 614 aliquid
197 568 284 604 momenti
299 567 377 603 tribuere
390 568 466 611 videtur,
481 568 529 604 nulla
545 573 598 612 sunt,
612 572 661 604 reete
675 568 723 604 enim
739 568 784 604 idem
799 568 826 604 vir

118 626 233 664 doctissimus
254 631 314 675 postea
335 626 364 663 illa
385 626 427 664 lolia
444 627 498 663 codici
518 627 602 664 adiuncta
621 638 660 664 esse
679 627 721 664 dicit
734 647 759 653 -
773 627 826 664 etiam

118 687 168 724 bunc
181 687 259 724 codicem
274 686 293 722 in
307 698 328 723 eo
343 686 459 731 monasterie,
473 686 501 723 eni
515 687 602 724 Aleuinus
616 686 658 723 olim
677 687 761 734 praefuit,
782 687 826 725 circa

118 746 198 783 medinm
212 745 304 783 saeculnm
317 746 346 782 IX.
362 745 449 793 scriptum
464 758 504 783 esse
518 746 644 783 declarandum
659 750 690 782 est.

169 806 250 842 Eandem
264 804 351 852 originem
366 816 405 842 esse
419 806 472 842 etiam
487 806 525 843 eius
540 806 571 853 qui
584 806 603 842 in
616 805 723 842 bibliotheca
742 805 828 842 ecclesiae

119 866 224 903 cathedralis
239 866 256 903 S.
270 865 357 902 1611111116
371 877 416 914 quae
426 872 454 902 661
462 866 547 903 1161166111
561 870 662 903 asservatur
676 865 741 903 codicis
753 871 827 914 putare-

118 926 179 971 rimll.
196 925 240 962 Nam
255 929 273 962 et
285 935 352 972 genere
365 929 383 961 et
396 925 453 962 ferma
468 925 569 962 litterarum
580 925 614 961 illis
624 925 689 961 similis
698 930 725 962 661
736 930 753 962 61
762 935 828 962 nomen

122 985 214 1032 scriptoris
227 985 246 1021 in
260 984 347 1026 versibus,
362 985 397 1031 >qui
411 985 486 1020 suntin
500 986 542 1027 fine,
557 984 676 1031 Amalricus³)
690 985 760 1031 legitur,
781 985 829 1032 quod

119 1054 191 1079 nomen
204 1043 222 1079 in
236 1042 368 1090 subscriptione
381 1042 497 1079 instrumenti
511 1043 579 1079 laudati
589 1043 646 1079 ,tertio
661 1043 699 1079 loco
714 1047 776 1079 exstat.

132 1149 134 1152 .
173 1102 254 1140 Parisino
263 1103 271 1138 1
281 1104 338 1138 forma
348 1102 483 1149 magnificarum
492 1095 593 1139 litterarum*
599 1102 694 1141 initialium
702 1107 756 1150 atque
763 1112 828 1149 genere

119 1168 137 1200 et
151 1167 255 1209 argumento
264 1161 375 1208 picturarum
395 1161 496 1198 simillimus
507 1166 533 1198 est
542 1162 598 1198 codex
608 1162 637 1209 qui
647 1162 689 1198 inde
699 1173 707 1198 a
717 1162 828 1209 temporibus

119 1234 178 1271 papae
191 1221 271 1270 Gregorii
280 1221 323 1265 vu,
338 1226 359 1258 ut
372 1221 447 1265 videtur,
460 1221 480 1259 in
494 1221 603 1259 monasterio
611 1222 631 1259 S.
641 1221 690 1258 Pauli
705 1227 753 1258 entra
768 1232 829 1259 muros

119 1283 189 1319 Romae
203 1282 238 1318 sito
256 1287 357 1318 asservatur
370 1281 403 1328 (11).
427 1282 461 1317 Sed
478 1287 538 1318 textus
553 1281 619 1318 litteris
631 1281 743 1328 Carolingicis
759 1281 830 1318 minore

117 1341 180 1380 ,forma
195 1345 213 1377 et
227 1339 301 1377 clariore
315 1340 374 1376 colore
389 1344 469 1377 exaratus
483 1345 517 1377 est.
540 1340 632 1377 Praecedit
644 1339 732 1376 111121.
745 1340 829 1388 prologus

123 1400 205 1437 versibus
219 1399 339 1448 compositus,
360 1400 425 1447 quibus
438 1401 486 1442 item
495 1400 567 1436 Carolus
581 1399 653 1447 quidam
667 1411 698 1436 rex
711 1412 721 1436 a
736 1400 830 1449 scriptore,

123 1452 155 1507 qui
170 1470 238 1495 nornen
252 1469 304 1495 suum
318 1449 434 1505 lngobertum
449 1470 488 1494 6666
502 1458 550 1502 dicit,
563 1459 667 1495 celebratur.

176 1519 254 1562 Quintus
268 1517 380 1565 temporibus
394 1518 451 1555 Caroli
464 1518 510 1554 Calvi
524 1518 641 1565 assignandus
655 1523 683 1554 est
700 1518 739 1554 cod.
755 1517 830 1554 Parisin.

122 1580 134 1615 2
145 1579 172 1626 (b)
182 1584 200 1614 et
209 1579 247 1627 ipse
262 1577 412 1626 splendidissimis
426 1578 484 1614 aureis
493 1577 558 1614 litteris
567 1578 663 1614 initialibus
673 1584 746 1615 ornatus
755 1577 831 1625 diligen-

122 1638 232 1687 lissimaque
246 1637 333 1685 scriptura
348 1642 436 1680 exaratus,
450 1642 511 1674 tamen
525 1649 590 1685 genere
605 1646 622 1674 61
635 1637 728 1675 initialium
742 1642 760 1674 et
774 1638 831 1686 serip-

121 1705 172 1734 turae
188 1711 198 1734 a
216 1697 300 1734 Parisino
319 1699 329 1733 1
348 1698 457 1745 aliquantum
475 1698 559 1734 diversus.
586 1698 644 1734 Huius
664 1709 735 1745 quoque
755 1698 832 1745 scriptor

121 1758 200 1795 carmine
222 1757 303 1794 Carolum
317 1767 378 1804 regern
393 1757 515 1794 immoderatis
529 1756 610 1794 laudibus
624 1757 681 1793 effert.

175 1818 208 1854 His
223 1817 345 1862 adiungendus
367 1822 394 1853 661
413 1818 468 1853 codex
485 1817 516 1864 qui
529 1817 597 1853 Romae
614 1817 632 1853 in
652 1817 758 1853 bibliotheca
779 1817 830 1853 Valli-

124 1877 191 1912 cellana
205 1870 305 1913 asservatur
320 1877 399 1923 signatus
413 1876 426 1911 B
438 1876 491 1923 611).
509 1876 574 1912 Tribus
589 1876 676 1912 columnis
689 1875 753 1912 litteris
766 1876 831 1912 codicis

123 1936 194 1972 Paulini
208 1935 296 1971 similibus
310 1935 446 1982 diligentissime
459 1940 541 1971 exaratus
556 1939 592 1979 est;
606 1935 717 1971 ornamentis
731 1941 784 1971 earet.

177 1996 240 2032 Aetate
260 1994 288 2032 his
304 1995 357 2043 paulo
371 1994 447 2031 inferior
462 1999 489 2031 661
502 1994 594 2031 Parisinus
608 1995 620 2030 4
634 1993 659 2042 (6)
676 1994 726 2031 cuius
746 1994 832 2031 lectiones

123 2110 142 2141 ob
159 2119 220 2141 eausam
236 2118 266 2140 nen
282 2107 356 2138 traditum
373 2112 426 2148 postea
443 2107 510 2138 carmine
527 2107 542 2137 in
560 2107 589 2137 fine
606 2103 677 2138 additoa
692 2107 760 2139 Viviano
776 2107 831 2139 Carelo

123 2161 172 2190 Calvo
184 2160 251 2189 oblatum
262 2167 307 2188 6666ΙῚ
323 2157 431 2195 Neglexeruut
442 2162 501 2196 autem,
515 2158 555 2196 quod
569 2157 584 2187 in
598 2158 627 2186 boe
642 2157 675 2197 ipro
689 2157 755 2187 carmine
767 2157 783 2194 11.
795 2158 832 2195 422)

123 2209 189 2239 Carolus
200 2207 289 2247 cognomine
300 2206 351 2238 David
363 2210 432 2237 ornatur.
448 2205 502 2246 Neque
509 2215 563 2238 verum
575 2210 600 2237 661
611 2206 649 2246 quod
658 2206 682 2237 illi
690 2205 767 2237 affirmant
777 2205 832 2237 folium

123 2260 138 2288 in
149 2268 178 2297 quo
192 2259 221 2287 hoe
235 2266 295 2287 carmen
310 2256 384 2295 seriptum
397 2256 419 2286 sit
433 2256 511 2286 diversum
524 2266 532 2285 1
547 2256 604 2285 6616116
621 2265 663 2294 6666,
677 2256 707 2286 nisi
719 2257 757 2295 qnod
768 2256 831 2285 litterae

122 2316 178 2337 aureae
190 2307 241 2336 neseio
253 2315 282 2345 quo
293 2314 330 2334 casu
341 2305 356 2334 in
368 2305 396 2334 hoc
411 2305 464 2334 minus
475 2304 514 2334 bene
528 2314 572 2342 quam
583 2305 598 2333 in
610 2305 666 2334 ceteris
678 2309 779 2334 conservatae
790 2309 831 2333 611111.

164 2356 178 2393 ¹]
189 2354 211 2385 Cf.
223 2354 282 2385 Delislc
293 2354 304 2383 l.
317 2354 352 2393 lp.
364 2354 399 2384 250.

166 2404 179 2444 ²)
190 2403 212 2435 cf.
224 2403 266 2435 Frisi
277 2403 350 2434 memorie
361 2404 430 2434 storicbe
442 2403 457 2434 di
469 2403 523 2434 lllenza
535 2402 578 2433 1111.
587 2412 601 2442 p.
610 2402 634 2434 m.

164 2454 178 2494 ⁸)
188 2453 204 2484 ln
217 2454 270 2484 codice
281 2452 336 2483 lacuna
347 2458 399 2483 exstat
410 2453 452 2484 inter
463 2452 469 2482 l
479 2457 495 2482 61
506 2462 518 2482 r.
529 2451 589 2484 Versus
600 2457 642 2483 sunt:

204 2504 233 2533 hos
244 2502 325 2533 tandemd
332 2524 377 2533 .....
384 2512 401 2532 61
408 2524 455 2533 .....
462 2502 495 2531 anit
509 2503 573 2531 dextera
587 2501 635 2531 libros

205 2555 269 2591 exiguus
279 2553 312 2591 ᾗ
328 2553 391 2582 deuotus
402 2551 468 2581 famulus
479 2552 519 2581 almo

205 2604 255 2633 amal.
264 2625 268 2631 .
276 2625 280 2632 .
289 2622 293 2632 .
302 2612 309 2631 s
320 2611 367 2631 ouans
379 2606 410 2641 atq.
421 2602 447 2631 bie
458 2610 485 2631 sua
497 2601 529 2631 etia
540 2599 592 2638 fregit.
